%YAML 1.1
%TAG !u! tag:unity3d.com,2011:
--- !u!1001 &100100000
Prefab:
  m_ObjectHideFlags: 1
  serializedVersion: 2
  m_Modification:
    m_TransformParent: {fileID: 0}
    m_Modifications: []
    m_RemovedComponents: []
  m_ParentPrefab: {fileID: 0}
  m_RootGameObject: {fileID: 1915829677215288}
  m_IsPrefabParent: 1
--- !u!1 &1002159878174150
GameObject:
  m_ObjectHideFlags: 1
  m_PrefabParentObject: {fileID: 0}
  m_PrefabInternal: {fileID: 100100000}
  serializedVersion: 5
  m_Component:
  - component: {fileID: 4865617697612298}
  m_Layer: 0
  m_Name: attach_head
  m_TagString: Untagged
  m_Icon: {fileID: 0}
  m_NavMeshLayer: 0
  m_StaticEditorFlags: 0
  m_IsActive: 1
--- !u!1 &1012782543531306
GameObject:
  m_ObjectHideFlags: 1
  m_PrefabParentObject: {fileID: 0}
  m_PrefabInternal: {fileID: 100100000}
  serializedVersion: 5
  m_Component:
  - component: {fileID: 4163510809575994}
  m_Layer: 0
  m_Name: R_calf
  m_TagString: Untagged
  m_Icon: {fileID: 0}
  m_NavMeshLayer: 0
  m_StaticEditorFlags: 0
  m_IsActive: 1
--- !u!1 &1043174885152004
GameObject:
  m_ObjectHideFlags: 1
  m_PrefabParentObject: {fileID: 0}
  m_PrefabInternal: {fileID: 100100000}
  serializedVersion: 5
  m_Component:
  - component: {fileID: 4837719280453290}
  m_Layer: 0
  m_Name: attach_R_hand
  m_TagString: Untagged
  m_Icon: {fileID: 0}
  m_NavMeshLayer: 0
  m_StaticEditorFlags: 0
  m_IsActive: 1
--- !u!1 &1080857772368634
GameObject:
  m_ObjectHideFlags: 1
  m_PrefabParentObject: {fileID: 0}
  m_PrefabInternal: {fileID: 100100000}
  serializedVersion: 5
  m_Component:
  - component: {fileID: 4117248856836114}
  m_Layer: 0
  m_Name: L_calf
  m_TagString: Untagged
  m_Icon: {fileID: 0}
  m_NavMeshLayer: 0
  m_StaticEditorFlags: 0
  m_IsActive: 1
--- !u!1 &1082353984943472
GameObject:
  m_ObjectHideFlags: 1
  m_PrefabParentObject: {fileID: 0}
  m_PrefabInternal: {fileID: 100100000}
  serializedVersion: 5
  m_Component:
  - component: {fileID: 4921151445508974}
  - component: {fileID: 137421901575103280}
  m_Layer: 0
  m_Name: pc07_eyelid1_m1Shape[0][0]
  m_TagString: Untagged
  m_Icon: {fileID: 0}
  m_NavMeshLayer: 0
  m_StaticEditorFlags: 0
  m_IsActive: 1
--- !u!1 &1116003106602492
GameObject:
  m_ObjectHideFlags: 1
  m_PrefabParentObject: {fileID: 0}
  m_PrefabInternal: {fileID: 100100000}
  serializedVersion: 5
  m_Component:
  - component: {fileID: 4076461348012666}
  m_Layer: 0
  m_Name: R_finger2_1
  m_TagString: Untagged
  m_Icon: {fileID: 0}
  m_NavMeshLayer: 0
  m_StaticEditorFlags: 0
  m_IsActive: 1
--- !u!1 &1120589591904634
GameObject:
  m_ObjectHideFlags: 1
  m_PrefabParentObject: {fileID: 0}
  m_PrefabInternal: {fileID: 100100000}
  serializedVersion: 5
  m_Component:
  - component: {fileID: 4315754245582438}
  m_Layer: 0
  m_Name: lower_lip
  m_TagString: Untagged
  m_Icon: {fileID: 0}
  m_NavMeshLayer: 0
  m_StaticEditorFlags: 0
  m_IsActive: 1
--- !u!1 &1164779956182560
GameObject:
  m_ObjectHideFlags: 1
  m_PrefabParentObject: {fileID: 0}
  m_PrefabInternal: {fileID: 100100000}
  serializedVersion: 5
  m_Component:
  - component: {fileID: 4146889597754514}
  - component: {fileID: 137665412024056608}
  m_Layer: 0
  m_Name: yoshi_m3Shape[0][2]
  m_TagString: Untagged
  m_Icon: {fileID: 0}
  m_NavMeshLayer: 0
  m_StaticEditorFlags: 0
  m_IsActive: 1
--- !u!1 &1171389208690220
GameObject:
  m_ObjectHideFlags: 1
  m_PrefabParentObject: {fileID: 0}
  m_PrefabInternal: {fileID: 100100000}
  serializedVersion: 5
  m_Component:
  - component: {fileID: 4234757295958474}
  m_Layer: 0
  m_Name: MayaRoot
  m_TagString: Untagged
  m_Icon: {fileID: 0}
  m_NavMeshLayer: 0
  m_StaticEditorFlags: 0
  m_IsActive: 1
--- !u!1 &1184873246162124
GameObject:
  m_ObjectHideFlags: 0
  m_PrefabParentObject: {fileID: 0}
  m_PrefabInternal: {fileID: 100100000}
  serializedVersion: 5
  m_Component:
  - component: {fileID: 4388350784615436}
  - component: {fileID: 95541365178886248}
  m_Layer: 0
  m_Name: Yoshi
  m_TagString: Untagged
  m_Icon: {fileID: 0}
  m_NavMeshLayer: 0
  m_StaticEditorFlags: 0
  m_IsActive: 1
--- !u!1 &1208239459950262
GameObject:
  m_ObjectHideFlags: 1
  m_PrefabParentObject: {fileID: 0}
  m_PrefabInternal: {fileID: 100100000}
  serializedVersion: 5
  m_Component:
  - component: {fileID: 4136978591434776}
  m_Layer: 0
  m_Name: L_foot
  m_TagString: Untagged
  m_Icon: {fileID: 0}
  m_NavMeshLayer: 0
  m_StaticEditorFlags: 0
  m_IsActive: 1
--- !u!1 &1269423545471266
GameObject:
  m_ObjectHideFlags: 1
  m_PrefabParentObject: {fileID: 0}
  m_PrefabInternal: {fileID: 100100000}
  serializedVersion: 5
  m_Component:
  - component: {fileID: 4609018397989500}
  - component: {fileID: 137572742634313092}
  m_Layer: 0
  m_Name: yoshi_m1Shape[0][1]
  m_TagString: Untagged
  m_Icon: {fileID: 0}
  m_NavMeshLayer: 0
  m_StaticEditorFlags: 0
  m_IsActive: 1
--- !u!1 &1294623013418746
GameObject:
  m_ObjectHideFlags: 1
  m_PrefabParentObject: {fileID: 0}
  m_PrefabInternal: {fileID: 100100000}
  serializedVersion: 5
  m_Component:
  - component: {fileID: 4421897547375916}
  m_Layer: 0
  m_Name: head_aimcont
  m_TagString: Untagged
  m_Icon: {fileID: 0}
  m_NavMeshLayer: 0
  m_StaticEditorFlags: 0
  m_IsActive: 1
--- !u!1 &1297284878666440
GameObject:
  m_ObjectHideFlags: 1
  m_PrefabParentObject: {fileID: 0}
  m_PrefabInternal: {fileID: 100100000}
  serializedVersion: 5
  m_Component:
  - component: {fileID: 4555093726903302}
  m_Layer: 0
  m_Name: pelvis
  m_TagString: Untagged
  m_Icon: {fileID: 0}
  m_NavMeshLayer: 0
  m_StaticEditorFlags: 0
  m_IsActive: 1
--- !u!1 &1310914869227756
GameObject:
  m_ObjectHideFlags: 1
  m_PrefabParentObject: {fileID: 0}
  m_PrefabInternal: {fileID: 100100000}
  serializedVersion: 5
  m_Component:
  - component: {fileID: 4482281539829472}
  m_Layer: 0
  m_Name: L_thumb_2
  m_TagString: Untagged
  m_Icon: {fileID: 0}
  m_NavMeshLayer: 0
  m_StaticEditorFlags: 0
  m_IsActive: 1
--- !u!1 &1317192245291038
GameObject:
  m_ObjectHideFlags: 1
  m_PrefabParentObject: {fileID: 0}
  m_PrefabInternal: {fileID: 100100000}
  serializedVersion: 5
  m_Component:
  - component: {fileID: 4605968177100266}
  m_Layer: 0
  m_Name: chin
  m_TagString: Untagged
  m_Icon: {fileID: 0}
  m_NavMeshLayer: 0
  m_StaticEditorFlags: 0
  m_IsActive: 1
--- !u!1 &1341305957562380
GameObject:
  m_ObjectHideFlags: 1
  m_PrefabParentObject: {fileID: 0}
  m_PrefabInternal: {fileID: 100100000}
  serializedVersion: 5
  m_Component:
  - component: {fileID: 4170963464304106}
  m_Layer: 0
  m_Name: R_thumb_2
  m_TagString: Untagged
  m_Icon: {fileID: 0}
  m_NavMeshLayer: 0
  m_StaticEditorFlags: 0
  m_IsActive: 1
--- !u!1 &1353679584274970
GameObject:
  m_ObjectHideFlags: 1
  m_PrefabParentObject: {fileID: 0}
  m_PrefabInternal: {fileID: 100100000}
  serializedVersion: 5
  m_Component:
  - component: {fileID: 4872229746909812}
  m_Layer: 0
  m_Name: NDcha_pos
  m_TagString: Untagged
  m_Icon: {fileID: 0}
  m_NavMeshLayer: 0
  m_StaticEditorFlags: 0
  m_IsActive: 1
--- !u!1 &1368229371335302
GameObject:
  m_ObjectHideFlags: 1
  m_PrefabParentObject: {fileID: 0}
  m_PrefabInternal: {fileID: 100100000}
  serializedVersion: 5
  m_Component:
  - component: {fileID: 4109498547119248}
  m_Layer: 0
  m_Name: R_finger2_2
  m_TagString: Untagged
  m_Icon: {fileID: 0}
  m_NavMeshLayer: 0
  m_StaticEditorFlags: 0
  m_IsActive: 1
--- !u!1 &1405606344222728
GameObject:
  m_ObjectHideFlags: 1
  m_PrefabParentObject: {fileID: 0}
  m_PrefabInternal: {fileID: 100100000}
  serializedVersion: 5
  m_Component:
  - component: {fileID: 4270602494396572}
  m_Layer: 0
  m_Name: pc07_eyelid5_m3
  m_TagString: Untagged
  m_Icon: {fileID: 0}
  m_NavMeshLayer: 0
  m_StaticEditorFlags: 0
  m_IsActive: 1
--- !u!1 &1412809306946062
GameObject:
  m_ObjectHideFlags: 1
  m_PrefabParentObject: {fileID: 0}
  m_PrefabInternal: {fileID: 100100000}
  serializedVersion: 5
  m_Component:
  - component: {fileID: 4711695293688298}
  m_Layer: 0
  m_Name: L_forearm
  m_TagString: Untagged
  m_Icon: {fileID: 0}
  m_NavMeshLayer: 0
  m_StaticEditorFlags: 0
  m_IsActive: 1
--- !u!1 &1418241742251244
GameObject:
  m_ObjectHideFlags: 1
  m_PrefabParentObject: {fileID: 0}
  m_PrefabInternal: {fileID: 100100000}
  serializedVersion: 5
  m_Component:
  - component: {fileID: 4097071333427778}
  m_Layer: 0
  m_Name: pc07_eyelid4_m1
  m_TagString: Untagged
  m_Icon: {fileID: 0}
  m_NavMeshLayer: 0
  m_StaticEditorFlags: 0
  m_IsActive: 1
--- !u!1 &1434964643399264
GameObject:
  m_ObjectHideFlags: 1
  m_PrefabParentObject: {fileID: 0}
  m_PrefabInternal: {fileID: 100100000}
  serializedVersion: 5
  m_Component:
  - component: {fileID: 4130673200338016}
  m_Layer: 0
  m_Name: L_finger3_1
  m_TagString: Untagged
  m_Icon: {fileID: 0}
  m_NavMeshLayer: 0
  m_StaticEditorFlags: 0
  m_IsActive: 1
--- !u!1 &1443056242968690
GameObject:
  m_ObjectHideFlags: 1
  m_PrefabParentObject: {fileID: 0}
  m_PrefabInternal: {fileID: 100100000}
  serializedVersion: 5
  m_Component:
  - component: {fileID: 4070366936837962}
  m_Layer: 0
  m_Name: R_finger1_2
  m_TagString: Untagged
  m_Icon: {fileID: 0}
  m_NavMeshLayer: 0
  m_StaticEditorFlags: 0
  m_IsActive: 1
--- !u!1 &1445692523478468
GameObject:
  m_ObjectHideFlags: 1
  m_PrefabParentObject: {fileID: 0}
  m_PrefabInternal: {fileID: 100100000}
  serializedVersion: 5
  m_Component:
  - component: {fileID: 4885598728346718}
  - component: {fileID: 137948767549697020}
  m_Layer: 0
  m_Name: yoshi_m1Shape[0][2]
  m_TagString: Untagged
  m_Icon: {fileID: 0}
  m_NavMeshLayer: 0
  m_StaticEditorFlags: 0
  m_IsActive: 1
--- !u!1 &1455050312663258
GameObject:
  m_ObjectHideFlags: 1
  m_PrefabParentObject: {fileID: 0}
  m_PrefabInternal: {fileID: 100100000}
  serializedVersion: 5
  m_Component:
  - component: {fileID: 4701696903952026}
  - component: {fileID: 137776728651174896}
  m_Layer: 0
  m_Name: pc07_eyelid1_m3Shape[0][0]
  m_TagString: Untagged
  m_Icon: {fileID: 0}
  m_NavMeshLayer: 0
  m_StaticEditorFlags: 0
  m_IsActive: 1
--- !u!1 &1465763962562040
GameObject:
  m_ObjectHideFlags: 1
  m_PrefabParentObject: {fileID: 0}
  m_PrefabInternal: {fileID: 100100000}
  serializedVersion: 5
  m_Component:
  - component: {fileID: 4158538298202568}
  m_Layer: 0
  m_Name: pc07_eyelid2_m1
  m_TagString: Untagged
  m_Icon: {fileID: 0}
  m_NavMeshLayer: 0
  m_StaticEditorFlags: 0
  m_IsActive: 1
--- !u!1 &1490143944860250
GameObject:
  m_ObjectHideFlags: 1
  m_PrefabParentObject: {fileID: 0}
  m_PrefabInternal: {fileID: 100100000}
  serializedVersion: 5
  m_Component:
  - component: {fileID: 4880556664358466}
  m_Layer: 0
  m_Name: R_hand
  m_TagString: Untagged
  m_Icon: {fileID: 0}
  m_NavMeshLayer: 0
  m_StaticEditorFlags: 0
  m_IsActive: 1
--- !u!1 &1495341342029926
GameObject:
  m_ObjectHideFlags: 1
  m_PrefabParentObject: {fileID: 0}
  m_PrefabInternal: {fileID: 100100000}
  serializedVersion: 5
  m_Component:
  - component: {fileID: 4489251502349620}
  m_Layer: 0
  m_Name: L_finger1_1
  m_TagString: Untagged
  m_Icon: {fileID: 0}
  m_NavMeshLayer: 0
  m_StaticEditorFlags: 0
  m_IsActive: 1
--- !u!1 &1519007235044140
GameObject:
  m_ObjectHideFlags: 1
  m_PrefabParentObject: {fileID: 0}
  m_PrefabInternal: {fileID: 100100000}
  serializedVersion: 5
  m_Component:
  - component: {fileID: 4919342387641050}
  m_Layer: 0
  m_Name: L_thigh
  m_TagString: Untagged
  m_Icon: {fileID: 0}
  m_NavMeshLayer: 0
  m_StaticEditorFlags: 0
  m_IsActive: 1
--- !u!1 &1524993386319164
GameObject:
  m_ObjectHideFlags: 1
  m_PrefabParentObject: {fileID: 0}
  m_PrefabInternal: {fileID: 100100000}
  serializedVersion: 5
  m_Component:
  - component: {fileID: 4580633755049130}
  m_Layer: 0
  m_Name: R_finger1_1
  m_TagString: Untagged
  m_Icon: {fileID: 0}
  m_NavMeshLayer: 0
  m_StaticEditorFlags: 0
  m_IsActive: 1
--- !u!1 &1528482568579256
GameObject:
  m_ObjectHideFlags: 1
  m_PrefabParentObject: {fileID: 0}
  m_PrefabInternal: {fileID: 100100000}
  serializedVersion: 5
  m_Component:
  - component: {fileID: 4103151930894668}
  m_Layer: 0
  m_Name: L_thumb_1
  m_TagString: Untagged
  m_Icon: {fileID: 0}
  m_NavMeshLayer: 0
  m_StaticEditorFlags: 0
  m_IsActive: 1
--- !u!1 &1533060820945462
GameObject:
  m_ObjectHideFlags: 1
  m_PrefabParentObject: {fileID: 0}
  m_PrefabInternal: {fileID: 100100000}
  serializedVersion: 5
  m_Component:
  - component: {fileID: 4264845030281680}
  m_Layer: 0
  m_Name: R_clavicle
  m_TagString: Untagged
  m_Icon: {fileID: 0}
  m_NavMeshLayer: 0
  m_StaticEditorFlags: 0
  m_IsActive: 1
--- !u!1 &1540672357381568
GameObject:
  m_ObjectHideFlags: 1
  m_PrefabParentObject: {fileID: 0}
  m_PrefabInternal: {fileID: 100100000}
  serializedVersion: 5
  m_Component:
  - component: {fileID: 4172105944268158}
  m_Layer: 0
  m_Name: pc07_eyelid1_m1
  m_TagString: Untagged
  m_Icon: {fileID: 0}
  m_NavMeshLayer: 0
  m_StaticEditorFlags: 0
  m_IsActive: 1
--- !u!1 &1546392532387802
GameObject:
  m_ObjectHideFlags: 1
  m_PrefabParentObject: {fileID: 0}
  m_PrefabInternal: {fileID: 100100000}
  serializedVersion: 5
  m_Component:
  - component: {fileID: 4401540726844128}
  m_Layer: 0
  m_Name: L_wrist
  m_TagString: Untagged
  m_Icon: {fileID: 0}
  m_NavMeshLayer: 0
  m_StaticEditorFlags: 0
  m_IsActive: 1
--- !u!1 &1557849371641810
GameObject:
  m_ObjectHideFlags: 1
  m_PrefabParentObject: {fileID: 0}
  m_PrefabInternal: {fileID: 100100000}
  serializedVersion: 5
  m_Component:
  - component: {fileID: 4006360175113028}
  - component: {fileID: 137890490897787892}
  m_Layer: 0
  m_Name: yoshi_m1Shape[0][0] 1
  m_TagString: Untagged
  m_Icon: {fileID: 0}
  m_NavMeshLayer: 0
  m_StaticEditorFlags: 0
  m_IsActive: 1
--- !u!1 &1559108070968518
GameObject:
  m_ObjectHideFlags: 1
  m_PrefabParentObject: {fileID: 0}
  m_PrefabInternal: {fileID: 100100000}
  serializedVersion: 5
  m_Component:
  - component: {fileID: 4227188322786856}
  m_Layer: 0
  m_Name: pc07_eyelid4_m3
  m_TagString: Untagged
  m_Icon: {fileID: 0}
  m_NavMeshLayer: 0
  m_StaticEditorFlags: 0
  m_IsActive: 1
--- !u!1 &1593885755379710
GameObject:
  m_ObjectHideFlags: 1
  m_PrefabParentObject: {fileID: 0}
  m_PrefabInternal: {fileID: 100100000}
  serializedVersion: 5
  m_Component:
  - component: {fileID: 4742187934837804}
  m_Layer: 0
  m_Name: L_finger3_2
  m_TagString: Untagged
  m_Icon: {fileID: 0}
  m_NavMeshLayer: 0
  m_StaticEditorFlags: 0
  m_IsActive: 1
--- !u!1 &1594580995370886
GameObject:
  m_ObjectHideFlags: 1
  m_PrefabParentObject: {fileID: 0}
  m_PrefabInternal: {fileID: 100100000}
  serializedVersion: 5
  m_Component:
  - component: {fileID: 4234507297095990}
  m_Layer: 0
  m_Name: R_forearm
  m_TagString: Untagged
  m_Icon: {fileID: 0}
  m_NavMeshLayer: 0
  m_StaticEditorFlags: 0
  m_IsActive: 1
--- !u!1 &1632267835334940
GameObject:
  m_ObjectHideFlags: 1
  m_PrefabParentObject: {fileID: 0}
  m_PrefabInternal: {fileID: 100100000}
  serializedVersion: 5
  m_Component:
  - component: {fileID: 4006081045312244}
  m_Layer: 0
  m_Name: R_upperarm
  m_TagString: Untagged
  m_Icon: {fileID: 0}
  m_NavMeshLayer: 0
  m_StaticEditorFlags: 0
  m_IsActive: 1
--- !u!1 &1632445575535454
GameObject:
  m_ObjectHideFlags: 1
  m_PrefabParentObject: {fileID: 0}
  m_PrefabInternal: {fileID: 100100000}
  serializedVersion: 5
  m_Component:
  - component: {fileID: 4379968009198040}
  m_Layer: 0
  m_Name: tail_2
  m_TagString: Untagged
  m_Icon: {fileID: 0}
  m_NavMeshLayer: 0
  m_StaticEditorFlags: 0
  m_IsActive: 1
--- !u!1 &1633582047112838
GameObject:
  m_ObjectHideFlags: 1
  m_PrefabParentObject: {fileID: 0}
  m_PrefabInternal: {fileID: 100100000}
  serializedVersion: 5
  m_Component:
  - component: {fileID: 4333412674233720}
  m_Layer: 0
  m_Name: nose
  m_TagString: Untagged
  m_Icon: {fileID: 0}
  m_NavMeshLayer: 0
  m_StaticEditorFlags: 0
  m_IsActive: 1
--- !u!1 &1652604552883162
GameObject:
  m_ObjectHideFlags: 1
  m_PrefabParentObject: {fileID: 0}
  m_PrefabInternal: {fileID: 100100000}
  serializedVersion: 5
  m_Component:
  - component: {fileID: 4236820858057124}
  m_Layer: 0
  m_Name: R_foot
  m_TagString: Untagged
  m_Icon: {fileID: 0}
  m_NavMeshLayer: 0
  m_StaticEditorFlags: 0
  m_IsActive: 1
--- !u!1 &1657885342903210
GameObject:
  m_ObjectHideFlags: 1
  m_PrefabParentObject: {fileID: 0}
  m_PrefabInternal: {fileID: 100100000}
  serializedVersion: 5
  m_Component:
  - component: {fileID: 4960648359681666}
  m_Layer: 0
  m_Name: pc07_eyelid2_m3
  m_TagString: Untagged
  m_Icon: {fileID: 0}
  m_NavMeshLayer: 0
  m_StaticEditorFlags: 0
  m_IsActive: 1
--- !u!1 &1668031284545088
GameObject:
  m_ObjectHideFlags: 0
  m_PrefabParentObject: {fileID: 0}
  m_PrefabInternal: {fileID: 100100000}
  serializedVersion: 5
  m_Component:
  - component: {fileID: 4203343722163420}
  - component: {fileID: 20674339211193338}
  - component: {fileID: 124831042247723890}
  m_Layer: 0
  m_Name: Main Camera
  m_TagString: MainCamera
  m_Icon: {fileID: 0}
  m_NavMeshLayer: 0
  m_StaticEditorFlags: 0
  m_IsActive: 1
--- !u!1 &1672307301687388
GameObject:
  m_ObjectHideFlags: 1
  m_PrefabParentObject: {fileID: 0}
  m_PrefabInternal: {fileID: 100100000}
  serializedVersion: 5
  m_Component:
  - component: {fileID: 4064838703538662}
  m_Layer: 0
  m_Name: R_finger3_2
  m_TagString: Untagged
  m_Icon: {fileID: 0}
  m_NavMeshLayer: 0
  m_StaticEditorFlags: 0
  m_IsActive: 1
--- !u!1 &1697286256468396
GameObject:
  m_ObjectHideFlags: 1
  m_PrefabParentObject: {fileID: 0}
  m_PrefabInternal: {fileID: 100100000}
  serializedVersion: 5
  m_Component:
  - component: {fileID: 4310745432434422}
  - component: {fileID: 137261771604245078}
  m_Layer: 0
  m_Name: yoshi_m3Shape[0][0] 1
  m_TagString: Untagged
  m_Icon: {fileID: 0}
  m_NavMeshLayer: 0
  m_StaticEditorFlags: 0
  m_IsActive: 1
--- !u!1 &1703014759634172
GameObject:
  m_ObjectHideFlags: 1
  m_PrefabParentObject: {fileID: 0}
  m_PrefabInternal: {fileID: 100100000}
  serializedVersion: 5
  m_Component:
  - component: {fileID: 4914901443804736}
  m_Layer: 0
  m_Name: L_toe
  m_TagString: Untagged
  m_Icon: {fileID: 0}
  m_NavMeshLayer: 0
  m_StaticEditorFlags: 0
  m_IsActive: 1
--- !u!1 &1711901576823618
GameObject:
  m_ObjectHideFlags: 1
  m_PrefabParentObject: {fileID: 0}
  m_PrefabInternal: {fileID: 100100000}
  serializedVersion: 5
  m_Component:
  - component: {fileID: 4429352687232530}
  m_Layer: 0
  m_Name: L_lip
  m_TagString: Untagged
  m_Icon: {fileID: 0}
  m_NavMeshLayer: 0
  m_StaticEditorFlags: 0
  m_IsActive: 1
--- !u!1 &1713956086571060
GameObject:
  m_ObjectHideFlags: 1
  m_PrefabParentObject: {fileID: 0}
  m_PrefabInternal: {fileID: 100100000}
  serializedVersion: 5
  m_Component:
  - component: {fileID: 4296363724027830}
  m_Layer: 0
  m_Name: head
  m_TagString: Untagged
  m_Icon: {fileID: 0}
  m_NavMeshLayer: 0
  m_StaticEditorFlags: 0
  m_IsActive: 1
--- !u!1 &1737942292185100
GameObject:
  m_ObjectHideFlags: 1
  m_PrefabParentObject: {fileID: 0}
  m_PrefabInternal: {fileID: 100100000}
  serializedVersion: 5
  m_Component:
  - component: {fileID: 4025216773979096}
  m_Layer: 0
  m_Name: shell
  m_TagString: Untagged
  m_Icon: {fileID: 0}
  m_NavMeshLayer: 0
  m_StaticEditorFlags: 0
  m_IsActive: 1
--- !u!1 &1780989326643470
GameObject:
  m_ObjectHideFlags: 1
  m_PrefabParentObject: {fileID: 0}
  m_PrefabInternal: {fileID: 100100000}
  serializedVersion: 5
  m_Component:
  - component: {fileID: 4643333369739348}
  m_Layer: 0
  m_Name: L_finger1_2
  m_TagString: Untagged
  m_Icon: {fileID: 0}
  m_NavMeshLayer: 0
  m_StaticEditorFlags: 0
  m_IsActive: 1
--- !u!1 &1785621745979232
GameObject:
  m_ObjectHideFlags: 1
  m_PrefabParentObject: {fileID: 0}
  m_PrefabInternal: {fileID: 100100000}
  serializedVersion: 5
  m_Component:
  - component: {fileID: 4528115085049390}
  m_Layer: 0
  m_Name: L_finger2_2
  m_TagString: Untagged
  m_Icon: {fileID: 0}
  m_NavMeshLayer: 0
  m_StaticEditorFlags: 0
  m_IsActive: 1
--- !u!1 &1793231739979502
GameObject:
  m_ObjectHideFlags: 1
  m_PrefabParentObject: {fileID: 0}
  m_PrefabInternal: {fileID: 100100000}
  serializedVersion: 5
  m_Component:
  - component: {fileID: 4277721234244708}
  m_Layer: 0
  m_Name: R_thumb_1
  m_TagString: Untagged
  m_Icon: {fileID: 0}
  m_NavMeshLayer: 0
  m_StaticEditorFlags: 0
  m_IsActive: 1
--- !u!1 &1793833962385336
GameObject:
  m_ObjectHideFlags: 1
  m_PrefabParentObject: {fileID: 0}
  m_PrefabInternal: {fileID: 100100000}
  serializedVersion: 5
  m_Component:
  - component: {fileID: 4742633246124988}
  - component: {fileID: 137423370632037768}
  m_Layer: 0
  m_Name: yoshi_m3Shape[0][0]
  m_TagString: Untagged
  m_Icon: {fileID: 0}
  m_NavMeshLayer: 0
  m_StaticEditorFlags: 0
  m_IsActive: 1
--- !u!1 &1793876925439726
GameObject:
  m_ObjectHideFlags: 1
  m_PrefabParentObject: {fileID: 0}
  m_PrefabInternal: {fileID: 100100000}
  serializedVersion: 5
  m_Component:
  - component: {fileID: 4252242044312930}
  - component: {fileID: 137964021837266292}
  m_Layer: 0
  m_Name: yoshi_m3Shape[0][1]
  m_TagString: Untagged
  m_Icon: {fileID: 0}
  m_NavMeshLayer: 0
  m_StaticEditorFlags: 0
  m_IsActive: 1
--- !u!1 &1797916385502732
GameObject:
  m_ObjectHideFlags: 1
  m_PrefabParentObject: {fileID: 0}
  m_PrefabInternal: {fileID: 100100000}
  serializedVersion: 5
  m_Component:
  - component: {fileID: 4516909549074106}
  m_Layer: 0
  m_Name: spine00
  m_TagString: Untagged
  m_Icon: {fileID: 0}
  m_NavMeshLayer: 0
  m_StaticEditorFlags: 0
  m_IsActive: 1
--- !u!1 &1822540485898280
GameObject:
  m_ObjectHideFlags: 1
  m_PrefabParentObject: {fileID: 0}
  m_PrefabInternal: {fileID: 100100000}
  serializedVersion: 5
  m_Component:
  - component: {fileID: 4095974597671086}
  m_Layer: 0
  m_Name: attach_L_hand
  m_TagString: Untagged
  m_Icon: {fileID: 0}
  m_NavMeshLayer: 0
  m_StaticEditorFlags: 0
  m_IsActive: 1
--- !u!1 &1825937784343080
GameObject:
  m_ObjectHideFlags: 1
  m_PrefabParentObject: {fileID: 0}
  m_PrefabInternal: {fileID: 100100000}
  serializedVersion: 5
  m_Component:
  - component: {fileID: 4239019700299032}
  m_Layer: 0
  m_Name: pc07_eyelid3_m3
  m_TagString: Untagged
  m_Icon: {fileID: 0}
  m_NavMeshLayer: 0
  m_StaticEditorFlags: 0
  m_IsActive: 1
--- !u!1 &1867491738032648
GameObject:
  m_ObjectHideFlags: 1
  m_PrefabParentObject: {fileID: 0}
  m_PrefabInternal: {fileID: 100100000}
  serializedVersion: 5
  m_Component:
  - component: {fileID: 4257722088987866}
  m_Layer: 0
  m_Name: R_toe
  m_TagString: Untagged
  m_Icon: {fileID: 0}
  m_NavMeshLayer: 0
  m_StaticEditorFlags: 0
  m_IsActive: 1
--- !u!1 &1869649941389544
GameObject:
  m_ObjectHideFlags: 1
  m_PrefabParentObject: {fileID: 0}
  m_PrefabInternal: {fileID: 100100000}
  serializedVersion: 5
  m_Component:
  - component: {fileID: 4322109989524848}
  m_Layer: 0
  m_Name: L_upperarm
  m_TagString: Untagged
  m_Icon: {fileID: 0}
  m_NavMeshLayer: 0
  m_StaticEditorFlags: 0
  m_IsActive: 1
--- !u!1 &1871965784876670
GameObject:
  m_ObjectHideFlags: 1
  m_PrefabParentObject: {fileID: 0}
  m_PrefabInternal: {fileID: 100100000}
  serializedVersion: 5
  m_Component:
  - component: {fileID: 4093291972704602}
  m_Layer: 0
  m_Name: R_lip
  m_TagString: Untagged
  m_Icon: {fileID: 0}
  m_NavMeshLayer: 0
  m_StaticEditorFlags: 0
  m_IsActive: 1
--- !u!1 &1874662519421048
GameObject:
  m_ObjectHideFlags: 1
  m_PrefabParentObject: {fileID: 0}
  m_PrefabInternal: {fileID: 100100000}
  serializedVersion: 5
  m_Component:
  - component: {fileID: 4236545082955662}
  m_Layer: 0
  m_Name: tail_1
  m_TagString: Untagged
  m_Icon: {fileID: 0}
  m_NavMeshLayer: 0
  m_StaticEditorFlags: 0
  m_IsActive: 1
--- !u!1 &1883334904277990
GameObject:
  m_ObjectHideFlags: 1
  m_PrefabParentObject: {fileID: 0}
  m_PrefabInternal: {fileID: 100100000}
  serializedVersion: 5
  m_Component:
  - component: {fileID: 4967277953556294}
  - component: {fileID: 137673038631042248}
  m_Layer: 0
  m_Name: yoshi_m1Shape[0][0]
  m_TagString: Untagged
  m_Icon: {fileID: 0}
  m_NavMeshLayer: 0
  m_StaticEditorFlags: 0
  m_IsActive: 1
--- !u!1 &1888104459376494
GameObject:
  m_ObjectHideFlags: 1
  m_PrefabParentObject: {fileID: 0}
  m_PrefabInternal: {fileID: 100100000}
  serializedVersion: 5
  m_Component:
  - component: {fileID: 4315519509372290}
  m_Layer: 0
  m_Name: pc07_eyelid5_m1
  m_TagString: Untagged
  m_Icon: {fileID: 0}
  m_NavMeshLayer: 0
  m_StaticEditorFlags: 0
  m_IsActive: 1
--- !u!1 &1915829677215288
GameObject:
  m_ObjectHideFlags: 0
  m_PrefabParentObject: {fileID: 0}
  m_PrefabInternal: {fileID: 100100000}
  serializedVersion: 5
  m_Component:
  - component: {fileID: 4733080672448652}
  - component: {fileID: 114775212968765942}
  - component: {fileID: 195079912375960194}
  - component: {fileID: 136768290314039300}
  - component: {fileID: 54916804768258458}
  - component: {fileID: 114979533568532506}
  - component: {fileID: 114638116692865226}
  - component: {fileID: 114566414800901060}
  - component: {fileID: 114580512269292646}
  m_Layer: 0
  m_Name: Yoshi
  m_TagString: Player
  m_Icon: {fileID: 0}
  m_NavMeshLayer: 0
  m_StaticEditorFlags: 0
  m_IsActive: 1
--- !u!1 &1933735116596222
GameObject:
  m_ObjectHideFlags: 1
  m_PrefabParentObject: {fileID: 0}
  m_PrefabInternal: {fileID: 100100000}
  serializedVersion: 5
  m_Component:
  - component: {fileID: 4034698716556836}
  m_Layer: 0
  m_Name: pc07_eyelid1_m3
  m_TagString: Untagged
  m_Icon: {fileID: 0}
  m_NavMeshLayer: 0
  m_StaticEditorFlags: 0
  m_IsActive: 1
--- !u!1 &1937458827887448
GameObject:
  m_ObjectHideFlags: 1
  m_PrefabParentObject: {fileID: 0}
  m_PrefabInternal: {fileID: 100100000}
  serializedVersion: 5
  m_Component:
  - component: {fileID: 4782147487677962}
  m_Layer: 0
  m_Name: R_thigh
  m_TagString: Untagged
  m_Icon: {fileID: 0}
  m_NavMeshLayer: 0
  m_StaticEditorFlags: 0
  m_IsActive: 1
--- !u!1 &1951186704032908
GameObject:
  m_ObjectHideFlags: 1
  m_PrefabParentObject: {fileID: 0}
  m_PrefabInternal: {fileID: 100100000}
  serializedVersion: 5
  m_Component:
  - component: {fileID: 4403674817381750}
  m_Layer: 0
  m_Name: R_finger3_1
  m_TagString: Untagged
  m_Icon: {fileID: 0}
  m_NavMeshLayer: 0
  m_StaticEditorFlags: 0
  m_IsActive: 1
--- !u!1 &1965790792448662
GameObject:
  m_ObjectHideFlags: 1
  m_PrefabParentObject: {fileID: 0}
  m_PrefabInternal: {fileID: 100100000}
  serializedVersion: 5
  m_Component:
  - component: {fileID: 4651699130152904}
  m_Layer: 0
  m_Name: L_finger2_1
  m_TagString: Untagged
  m_Icon: {fileID: 0}
  m_NavMeshLayer: 0
  m_StaticEditorFlags: 0
  m_IsActive: 1
--- !u!1 &1966228740985566
GameObject:
  m_ObjectHideFlags: 1
  m_PrefabParentObject: {fileID: 0}
  m_PrefabInternal: {fileID: 100100000}
  serializedVersion: 5
  m_Component:
  - component: {fileID: 4406992906953560}
  m_Layer: 0
  m_Name: R_wrist
  m_TagString: Untagged
  m_Icon: {fileID: 0}
  m_NavMeshLayer: 0
  m_StaticEditorFlags: 0
  m_IsActive: 1
--- !u!1 &1975502075766854
GameObject:
  m_ObjectHideFlags: 1
  m_PrefabParentObject: {fileID: 0}
  m_PrefabInternal: {fileID: 100100000}
  serializedVersion: 5
  m_Component:
  - component: {fileID: 4010383849218876}
  m_Layer: 0
  m_Name: L_clavicle
  m_TagString: Untagged
  m_Icon: {fileID: 0}
  m_NavMeshLayer: 0
  m_StaticEditorFlags: 0
  m_IsActive: 1
--- !u!1 &1987980055557374
GameObject:
  m_ObjectHideFlags: 1
  m_PrefabParentObject: {fileID: 0}
  m_PrefabInternal: {fileID: 100100000}
  serializedVersion: 5
  m_Component:
  - component: {fileID: 4148274173478602}
  m_Layer: 0
  m_Name: L_hand
  m_TagString: Untagged
  m_Icon: {fileID: 0}
  m_NavMeshLayer: 0
  m_StaticEditorFlags: 0
  m_IsActive: 1
--- !u!1 &1998172546869444
GameObject:
  m_ObjectHideFlags: 1
  m_PrefabParentObject: {fileID: 0}
  m_PrefabInternal: {fileID: 100100000}
  serializedVersion: 5
  m_Component:
  - component: {fileID: 4620722029762730}
  m_Layer: 0
  m_Name: pc07_eyelid3_m1
  m_TagString: Untagged
  m_Icon: {fileID: 0}
  m_NavMeshLayer: 0
  m_StaticEditorFlags: 0
  m_IsActive: 1
--- !u!4 &4006081045312244
Transform:
  m_ObjectHideFlags: 1
  m_PrefabParentObject: {fileID: 0}
  m_PrefabInternal: {fileID: 100100000}
  m_GameObject: {fileID: 1632267835334940}
  m_LocalRotation: {x: -0.0003140344, y: -0.0000000037449714, z: 0.000000062670296,
    w: 0.99999994}
  m_LocalPosition: {x: -0.000000004541874, y: -0.0028448, z: 0.00000025406106}
  m_LocalScale: {x: 0.99999994, y: 1.0000001, z: 1.0000002}
  m_Children:
  - {fileID: 4234507297095990}
  m_Father: {fileID: 4264845030281680}
  m_RootOrder: 0
  m_LocalEulerAnglesHint: {x: 0, y: 0, z: 0}
--- !u!4 &4006360175113028
Transform:
  m_ObjectHideFlags: 1
  m_PrefabParentObject: {fileID: 0}
  m_PrefabInternal: {fileID: 100100000}
  m_GameObject: {fileID: 1557849371641810}
  m_LocalRotation: {x: -0.024845734, y: 0, z: -0, w: 0.9996913}
  m_LocalPosition: {x: 0.00093748677, y: 0.02232635, z: -0.018800136}
  m_LocalScale: {x: 18.9955, y: 18.995499, z: 18.995499}
  m_Children: []
  m_Father: {fileID: 4388350784615436}
  m_RootOrder: 4
  m_LocalEulerAnglesHint: {x: 0, y: 0, z: 0}
--- !u!4 &4010383849218876
Transform:
  m_ObjectHideFlags: 1
  m_PrefabParentObject: {fileID: 0}
  m_PrefabInternal: {fileID: 100100000}
  m_GameObject: {fileID: 1975502075766854}
  m_LocalRotation: {x: -0.705887, y: 0.70590556, z: 0.041196946, w: 0.041517086}
  m_LocalPosition: {x: -0.0008003542, y: 0.005813806, z: -0.00044830944}
  m_LocalScale: {x: 1.0000002, y: 1.0000002, z: 1.0000002}
  m_Children:
  - {fileID: 4322109989524848}
  m_Father: {fileID: 4516909549074106}
  m_RootOrder: 1
  m_LocalEulerAnglesHint: {x: 0, y: 0, z: 0}
--- !u!4 &4025216773979096
Transform:
  m_ObjectHideFlags: 1
  m_PrefabParentObject: {fileID: 0}
  m_PrefabInternal: {fileID: 100100000}
  m_GameObject: {fileID: 1737942292185100}
  m_LocalRotation: {x: -0.41209486, y: 0, z: -0, w: 0.911141}
  m_LocalPosition: {x: -0, y: 0.0025326351, z: -0.0045003733}
  m_LocalScale: {x: 1, y: 1.0000001, z: 1.0000001}
  m_Children: []
  m_Father: {fileID: 4516909549074106}
  m_RootOrder: 3
  m_LocalEulerAnglesHint: {x: 0, y: 0, z: 0}
--- !u!4 &4034698716556836
Transform:
  m_ObjectHideFlags: 1
  m_PrefabParentObject: {fileID: 0}
  m_PrefabInternal: {fileID: 100100000}
  m_GameObject: {fileID: 1933735116596222}
  m_LocalRotation: {x: 0.0000000018626451, y: -0, z: -0, w: 1}
  m_LocalPosition: {x: -0, y: -0.026404068, z: -0.00000076237245}
  m_LocalScale: {x: 1, y: 1.0000001, z: 1.0000001}
  m_Children: []
  m_Father: {fileID: 4421897547375916}
  m_RootOrder: 5
  m_LocalEulerAnglesHint: {x: 0, y: 0, z: 0}
--- !u!4 &4064838703538662
Transform:
  m_ObjectHideFlags: 1
  m_PrefabParentObject: {fileID: 0}
  m_PrefabInternal: {fileID: 100100000}
  m_GameObject: {fileID: 1672307301687388}
  m_LocalRotation: {x: 0.00000014039688, y: 0.000000081956415, z: 0.000000068423105,
    w: 1}
  m_LocalPosition: {x: 9.462237e-11, y: -0.0021656018, z: -0.000000003027916}
  m_LocalScale: {x: 0.99999994, y: 0.9999999, z: 0.9999998}
  m_Children: []
  m_Father: {fileID: 4403674817381750}
  m_RootOrder: 0
  m_LocalEulerAnglesHint: {x: 0, y: 0, z: 0}
--- !u!4 &4070366936837962
Transform:
  m_ObjectHideFlags: 1
  m_PrefabParentObject: {fileID: 0}
  m_PrefabInternal: {fileID: 100100000}
  m_GameObject: {fileID: 1443056242968690}
  m_LocalRotation: {x: -0.00000010570511, y: 0.00000011362134, z: 0.00000011183148,
    w: 1}
  m_LocalPosition: {x: 3.784895e-10, y: -0.002131568, z: 0}
  m_LocalScale: {x: 0.99999994, y: 1.0000001, z: 0.9999999}
  m_Children: []
  m_Father: {fileID: 4580633755049130}
  m_RootOrder: 0
  m_LocalEulerAnglesHint: {x: 0, y: 0, z: 0}
--- !u!4 &4076461348012666
Transform:
  m_ObjectHideFlags: 1
  m_PrefabParentObject: {fileID: 0}
  m_PrefabInternal: {fileID: 100100000}
  m_GameObject: {fileID: 1116003106602492}
  m_LocalRotation: {x: 0.00000018234948, y: -0.000025559215, z: 0.000025641937, w: 1}
  m_LocalPosition: {x: -0.00000025387183, y: -0.0046842676, z: 0.000093218936}
  m_LocalScale: {x: 1, y: 1, z: 1}
  m_Children:
  - {fileID: 4109498547119248}
  m_Father: {fileID: 4880556664358466}
  m_RootOrder: 2
  m_LocalEulerAnglesHint: {x: 0, y: 0, z: 0}
--- !u!4 &4093291972704602
Transform:
  m_ObjectHideFlags: 1
  m_PrefabParentObject: {fileID: 0}
  m_PrefabInternal: {fileID: 100100000}
  m_GameObject: {fileID: 1871965784876670}
  m_LocalRotation: {x: 1, y: 0, z: 0, w: -0.00000013315805}
  m_LocalPosition: {x: 0.0033647371, y: 0.0029723023, z: 0.004896866}
  m_LocalScale: {x: 1, y: 1.0000001, z: 1.0000001}
  m_Children: []
  m_Father: {fileID: 4421897547375916}
  m_RootOrder: 14
  m_LocalEulerAnglesHint: {x: 0, y: 0, z: 0}
--- !u!4 &4095974597671086
Transform:
  m_ObjectHideFlags: 1
  m_PrefabParentObject: {fileID: 0}
  m_PrefabInternal: {fileID: 100100000}
  m_GameObject: {fileID: 1822540485898280}
  m_LocalRotation: {x: 0.5000001, y: -0.4999998, z: -0.49999994, w: 0.5000001}
  m_LocalPosition: {x: -0.000014808212, y: 0.0037218907, z: -0.0018953754}
  m_LocalScale: {x: 1.0000001, y: 1, z: 1.0000002}
  m_Children: []
  m_Father: {fileID: 4148274173478602}
  m_RootOrder: 0
  m_LocalEulerAnglesHint: {x: 0, y: 0, z: 0}
--- !u!4 &4097071333427778
Transform:
  m_ObjectHideFlags: 1
  m_PrefabParentObject: {fileID: 0}
  m_PrefabInternal: {fileID: 100100000}
  m_GameObject: {fileID: 1418241742251244}
  m_LocalRotation: {x: 0.0000000018626451, y: -0, z: -0, w: 1}
  m_LocalPosition: {x: -0, y: -0.026404068, z: -0.00000076237245}
  m_LocalScale: {x: 1, y: 1.0000001, z: 1.0000001}
  m_Children: []
  m_Father: {fileID: 4421897547375916}
  m_RootOrder: 10
  m_LocalEulerAnglesHint: {x: 0, y: 0, z: 0}
--- !u!4 &4103151930894668
Transform:
  m_ObjectHideFlags: 1
  m_PrefabParentObject: {fileID: 0}
  m_PrefabInternal: {fileID: 100100000}
  m_GameObject: {fileID: 1528482568579256}
  m_LocalRotation: {x: 0.055539545, y: -0.7049222, z: 0.23026866, w: 0.66856295}
  m_LocalPosition: {x: -0.0026250903, y: 0.0015674348, z: -0.0010767042}
  m_LocalScale: {x: 1.0000002, y: 1.0000001, z: 1.0000002}
  m_Children:
  - {fileID: 4482281539829472}
  m_Father: {fileID: 4148274173478602}
  m_RootOrder: 4
  m_LocalEulerAnglesHint: {x: 0, y: 0, z: 0}
--- !u!4 &4109498547119248
Transform:
  m_ObjectHideFlags: 1
  m_PrefabParentObject: {fileID: 0}
  m_PrefabInternal: {fileID: 100100000}
  m_GameObject: {fileID: 1368229371335302}
  m_LocalRotation: {x: 0.00036285026, y: -0.000000011149027, z: 0.00000007398401,
    w: 0.99999994}
  m_LocalPosition: {x: 1.8924474e-10, y: -0.0024005545, z: 0}
  m_LocalScale: {x: 1, y: 1, z: 1.0000002}
  m_Children: []
  m_Father: {fileID: 4076461348012666}
  m_RootOrder: 0
  m_LocalEulerAnglesHint: {x: 0, y: 0, z: 0}
--- !u!4 &4117248856836114
Transform:
  m_ObjectHideFlags: 1
  m_PrefabParentObject: {fileID: 0}
  m_PrefabInternal: {fileID: 100100000}
  m_GameObject: {fileID: 1080857772368634}
  m_LocalRotation: {x: -0.0000000037252899, y: 4.5474735e-13, z: 3.637979e-12, w: 1}
  m_LocalPosition: {x: 0.00000025396645, y: 0.0049768756, z: -0.00000025358796}
  m_LocalScale: {x: 1, y: 1.0000001, z: 1}
  m_Children:
  - {fileID: 4136978591434776}
  m_Father: {fileID: 4919342387641050}
  m_RootOrder: 0
  m_LocalEulerAnglesHint: {x: 0, y: 0, z: 0}
--- !u!4 &4130673200338016
Transform:
  m_ObjectHideFlags: 1
  m_PrefabParentObject: {fileID: 0}
  m_PrefabInternal: {fileID: 100100000}
  m_GameObject: {fileID: 1434964643399264}
  m_LocalRotation: {x: 0.00000031022014, y: 0.00000002158993, z: -0.05660571, w: 0.99839664}
  m_LocalPosition: {x: 0.0019100803, y: 0.0045598075, z: -0.00007645336}
  m_LocalScale: {x: 1.0000001, y: 1.0000001, z: 0.9999999}
  m_Children:
  - {fileID: 4742187934837804}
  m_Father: {fileID: 4148274173478602}
  m_RootOrder: 3
  m_LocalEulerAnglesHint: {x: 0, y: 0, z: 0}
--- !u!4 &4136978591434776
Transform:
  m_ObjectHideFlags: 1
  m_PrefabParentObject: {fileID: 0}
  m_PrefabInternal: {fileID: 100100000}
  m_GameObject: {fileID: 1208239459950262}
  m_LocalRotation: {x: -0.3284299, y: 0.000035888577, z: -0.00002404706, w: 0.9445284}
  m_LocalPosition: {x: -0.0000000011354685, y: 0.003272028, z: 0}
  m_LocalScale: {x: 1, y: 1.0000002, z: 1.0000002}
  m_Children:
  - {fileID: 4914901443804736}
  m_Father: {fileID: 4117248856836114}
  m_RootOrder: 0
  m_LocalEulerAnglesHint: {x: 0, y: 0, z: 0}
--- !u!4 &4146889597754514
Transform:
  m_ObjectHideFlags: 1
  m_PrefabParentObject: {fileID: 0}
  m_PrefabInternal: {fileID: 100100000}
  m_GameObject: {fileID: 1164779956182560}
  m_LocalRotation: {x: -0.024845734, y: 0, z: -0, w: 0.9996913}
  m_LocalPosition: {x: 0.00093748677, y: 0.02232635, z: -0.018800136}
  m_LocalScale: {x: 18.9955, y: 18.995499, z: 18.995499}
  m_Children: []
  m_Father: {fileID: 4388350784615436}
  m_RootOrder: 10
  m_LocalEulerAnglesHint: {x: 0, y: 0, z: 0}
--- !u!4 &4148274173478602
Transform:
  m_ObjectHideFlags: 1
  m_PrefabParentObject: {fileID: 0}
  m_PrefabInternal: {fileID: 100100000}
  m_GameObject: {fileID: 1987980055557374}
  m_LocalRotation: {x: -0.000120611454, y: -0.7071068, z: -0.000120611454, w: 0.7071068}
  m_LocalPosition: {x: -0, y: 0.0036880795, z: 0}
  m_LocalScale: {x: 0.99999994, y: 1, z: 0.9999999}
  m_Children:
  - {fileID: 4095974597671086}
  - {fileID: 4489251502349620}
  - {fileID: 4651699130152904}
  - {fileID: 4130673200338016}
  - {fileID: 4103151930894668}
  m_Father: {fileID: 4711695293688298}
  m_RootOrder: 0
  m_LocalEulerAnglesHint: {x: 0, y: 0, z: 0}
--- !u!4 &4158538298202568
Transform:
  m_ObjectHideFlags: 1
  m_PrefabParentObject: {fileID: 0}
  m_PrefabInternal: {fileID: 100100000}
  m_GameObject: {fileID: 1465763962562040}
  m_LocalRotation: {x: 0.0000000018626451, y: -0, z: -0, w: 1}
  m_LocalPosition: {x: -0, y: -0.026404068, z: -0.00000076237245}
  m_LocalScale: {x: 1, y: 1.0000001, z: 1.0000001}
  m_Children: []
  m_Father: {fileID: 4421897547375916}
  m_RootOrder: 6
  m_LocalEulerAnglesHint: {x: 0, y: 0, z: 0}
--- !u!4 &4163510809575994
Transform:
  m_ObjectHideFlags: 1
  m_PrefabParentObject: {fileID: 0}
  m_PrefabInternal: {fileID: 100100000}
  m_GameObject: {fileID: 1012782543531306}
  m_LocalRotation: {x: 0.0000000018626451, y: -4.5474735e-13, z: 8.4703295e-22, w: 1}
  m_LocalPosition: {x: -0.00000025510192, y: -0.004976879, z: 0.00000025377722}
  m_LocalScale: {x: 1, y: 1, z: 1}
  m_Children:
  - {fileID: 4236820858057124}
  m_Father: {fileID: 4782147487677962}
  m_RootOrder: 0
  m_LocalEulerAnglesHint: {x: 0, y: 0, z: 0}
--- !u!4 &4170963464304106
Transform:
  m_ObjectHideFlags: 1
  m_PrefabParentObject: {fileID: 0}
  m_PrefabInternal: {fileID: 100100000}
  m_GameObject: {fileID: 1341305957562380}
  m_LocalRotation: {x: 0.000000030267977, y: 0.000000061467304, z: 0.000000022351745,
    w: 1}
  m_LocalPosition: {x: -0.000000003027916, y: -0.0033845515, z: -7.56979e-10}
  m_LocalScale: {x: 0.99999976, y: 1.0000002, z: 1}
  m_Children: []
  m_Father: {fileID: 4277721234244708}
  m_RootOrder: 0
  m_LocalEulerAnglesHint: {x: 0, y: 0, z: 0}
--- !u!4 &4172105944268158
Transform:
  m_ObjectHideFlags: 1
  m_PrefabParentObject: {fileID: 0}
  m_PrefabInternal: {fileID: 100100000}
  m_GameObject: {fileID: 1540672357381568}
  m_LocalRotation: {x: 0.0000000018626451, y: -0, z: -0, w: 1}
  m_LocalPosition: {x: -0, y: -0.026404068, z: -0.00000076237245}
  m_LocalScale: {x: 1, y: 1.0000001, z: 1.0000001}
  m_Children: []
  m_Father: {fileID: 4421897547375916}
  m_RootOrder: 4
  m_LocalEulerAnglesHint: {x: 0, y: 0, z: 0}
--- !u!4 &4203343722163420
Transform:
  m_ObjectHideFlags: 1
  m_PrefabParentObject: {fileID: 0}
  m_PrefabInternal: {fileID: 100100000}
  m_GameObject: {fileID: 1668031284545088}
  m_LocalRotation: {x: 0.31513506, y: 0.23832908, z: -0.082086526, w: 0.91495955}
  m_LocalPosition: {x: -1.0959998, y: 2.5640001, z: -1.8790001}
  m_LocalScale: {x: 0.22860852, y: 0.22860858, z: 0.22860861}
  m_Children: []
  m_Father: {fileID: 4733080672448652}
  m_RootOrder: 1
  m_LocalEulerAnglesHint: {x: 38.01, y: 29.2, z: 0}
--- !u!4 &4227188322786856
Transform:
  m_ObjectHideFlags: 1
  m_PrefabParentObject: {fileID: 0}
  m_PrefabInternal: {fileID: 100100000}
  m_GameObject: {fileID: 1559108070968518}
  m_LocalRotation: {x: 0.0000000018626451, y: -0, z: -0, w: 1}
  m_LocalPosition: {x: -0, y: -0.026404068, z: -0.00000076237245}
  m_LocalScale: {x: 1, y: 1.0000001, z: 1.0000001}
  m_Children: []
  m_Father: {fileID: 4421897547375916}
  m_RootOrder: 11
  m_LocalEulerAnglesHint: {x: 0, y: 0, z: 0}
--- !u!4 &4234507297095990
Transform:
  m_ObjectHideFlags: 1
  m_PrefabParentObject: {fileID: 0}
  m_PrefabInternal: {fileID: 100100000}
  m_GameObject: {fileID: 1594580995370886}
  m_LocalRotation: {x: -7.637625e-10, y: -0.0000000037252907, z: -0.000000029785044,
    w: 1}
  m_LocalPosition: {x: 0.000000001513958, y: -0.0044076624, z: -0.00000025425032}
  m_LocalScale: {x: 0.9999999, y: 1, z: 1.0000001}
  m_Children:
  - {fileID: 4880556664358466}
  - {fileID: 4406992906953560}
  m_Father: {fileID: 4006081045312244}
  m_RootOrder: 0
  m_LocalEulerAnglesHint: {x: 0, y: 0, z: 0}
--- !u!4 &4234757295958474
Transform:
  m_ObjectHideFlags: 1
  m_PrefabParentObject: {fileID: 0}
  m_PrefabInternal: {fileID: 100100000}
  m_GameObject: {fileID: 1171389208690220}
  m_LocalRotation: {x: -0.024845734, y: 0, z: -0, w: 0.9996913}
  m_LocalPosition: {x: 0.00093748677, y: 0.02232635, z: -0.018800136}
  m_LocalScale: {x: 18.9955, y: 18.995499, z: 18.995499}
  m_Children:
  - {fileID: 4872229746909812}
  m_Father: {fileID: 4388350784615436}
  m_RootOrder: 0
  m_LocalEulerAnglesHint: {x: 0, y: 0, z: 0}
--- !u!4 &4236545082955662
Transform:
  m_ObjectHideFlags: 1
  m_PrefabParentObject: {fileID: 0}
  m_PrefabInternal: {fileID: 100100000}
  m_GameObject: {fileID: 1874662519421048}
  m_LocalRotation: {x: -0.65567034, y: 0, z: -0, w: 0.7550473}
  m_LocalPosition: {x: -0, y: -0.0022689793, z: -0.0050327564}
  m_LocalScale: {x: 1, y: 1, z: 1}
  m_Children:
  - {fileID: 4379968009198040}
  m_Father: {fileID: 4555093726903302}
  m_RootOrder: 3
  m_LocalEulerAnglesHint: {x: 0, y: 0, z: 0}
--- !u!4 &4236820858057124
Transform:
  m_ObjectHideFlags: 1
  m_PrefabParentObject: {fileID: 0}
  m_PrefabInternal: {fileID: 100100000}
  m_GameObject: {fileID: 1652604552883162}
  m_LocalRotation: {x: -0.32842988, y: 0.00003589716, z: -0.000024122273, w: 0.9445284}
  m_LocalPosition: {x: 0.0000000011354685, y: -0.0032720289, z: 0}
  m_LocalScale: {x: 1, y: 1, z: 0.9999999}
  m_Children:
  - {fileID: 4257722088987866}
  m_Father: {fileID: 4163510809575994}
  m_RootOrder: 0
  m_LocalEulerAnglesHint: {x: 0, y: 0, z: 0}
--- !u!4 &4239019700299032
Transform:
  m_ObjectHideFlags: 1
  m_PrefabParentObject: {fileID: 0}
  m_PrefabInternal: {fileID: 100100000}
  m_GameObject: {fileID: 1825937784343080}
  m_LocalRotation: {x: 0.0000000018626451, y: -0, z: -0, w: 1}
  m_LocalPosition: {x: -0, y: -0.026404068, z: -0.00000076237245}
  m_LocalScale: {x: 1, y: 1.0000001, z: 1.0000001}
  m_Children: []
  m_Father: {fileID: 4421897547375916}
  m_RootOrder: 9
  m_LocalEulerAnglesHint: {x: 0, y: 0, z: 0}
--- !u!4 &4252242044312930
Transform:
  m_ObjectHideFlags: 1
  m_PrefabParentObject: {fileID: 0}
  m_PrefabInternal: {fileID: 100100000}
  m_GameObject: {fileID: 1793876925439726}
  m_LocalRotation: {x: -0.024845734, y: 0, z: -0, w: 0.9996913}
  m_LocalPosition: {x: 0.00093748677, y: 0.02232635, z: -0.018800136}
  m_LocalScale: {x: 18.9955, y: 18.995499, z: 18.995499}
  m_Children: []
  m_Father: {fileID: 4388350784615436}
  m_RootOrder: 9
  m_LocalEulerAnglesHint: {x: 0, y: 0, z: 0}
--- !u!4 &4257722088987866
Transform:
  m_ObjectHideFlags: 1
  m_PrefabParentObject: {fileID: 0}
  m_PrefabInternal: {fileID: 100100000}
  m_GameObject: {fileID: 1867491738032648}
  m_LocalRotation: {x: -0.43737477, y: 0.0000074557393, z: -0.000054197903, w: 0.89927936}
  m_LocalPosition: {x: -7.56979e-10, y: -0.0031656008, z: 0.0000924559}
  m_LocalScale: {x: 1, y: 1, z: 0.9999999}
  m_Children: []
  m_Father: {fileID: 4236820858057124}
  m_RootOrder: 0
  m_LocalEulerAnglesHint: {x: 0, y: 0, z: 0}
--- !u!4 &4264845030281680
Transform:
  m_ObjectHideFlags: 1
  m_PrefabParentObject: {fileID: 0}
  m_PrefabInternal: {fileID: 100100000}
  m_GameObject: {fileID: 1533060820945462}
  m_LocalRotation: {x: 0.041516937, y: -0.0411971, z: 0.7059055, w: 0.7058871}
  m_LocalPosition: {x: 0.00080035394, y: 0.005813806, z: -0.00044830944}
  m_LocalScale: {x: 1.0000001, y: 1, z: 1.0000002}
  m_Children:
  - {fileID: 4006081045312244}
  m_Father: {fileID: 4516909549074106}
  m_RootOrder: 2
  m_LocalEulerAnglesHint: {x: 0, y: 0, z: 0}
--- !u!4 &4270602494396572
Transform:
  m_ObjectHideFlags: 1
  m_PrefabParentObject: {fileID: 0}
  m_PrefabInternal: {fileID: 100100000}
  m_GameObject: {fileID: 1405606344222728}
  m_LocalRotation: {x: 0.0000000018626451, y: -0, z: -0, w: 1}
  m_LocalPosition: {x: -0, y: -0.026404068, z: -0.00000076237245}
  m_LocalScale: {x: 1, y: 1.0000001, z: 1.0000001}
  m_Children: []
  m_Father: {fileID: 4421897547375916}
  m_RootOrder: 13
  m_LocalEulerAnglesHint: {x: 0, y: 0, z: 0}
--- !u!4 &4277721234244708
Transform:
  m_ObjectHideFlags: 1
  m_PrefabParentObject: {fileID: 0}
  m_PrefabInternal: {fileID: 100100000}
  m_GameObject: {fileID: 1793231739979502}
  m_LocalRotation: {x: 0.055539567, y: -0.7049223, z: 0.23026863, w: 0.6685628}
  m_LocalPosition: {x: 0.0026250908, y: -0.0015674309, z: 0.0010767058}
  m_LocalScale: {x: 1.0000002, y: 0.99999994, z: 1.0000002}
  m_Children:
  - {fileID: 4170963464304106}
  m_Father: {fileID: 4880556664358466}
  m_RootOrder: 4
  m_LocalEulerAnglesHint: {x: 0, y: 0, z: 0}
--- !u!4 &4296363724027830
Transform:
  m_ObjectHideFlags: 1
  m_PrefabParentObject: {fileID: 0}
  m_PrefabInternal: {fileID: 100100000}
  m_GameObject: {fileID: 1713956086571060}
  m_LocalRotation: {x: 0.058487657, y: -0, z: -0, w: 0.99828815}
  m_LocalPosition: {x: -0, y: 0.009393681, z: -0.000026669693}
  m_LocalScale: {x: 1, y: 1.0000001, z: 1.0000001}
  m_Children:
  - {fileID: 4421897547375916}
  m_Father: {fileID: 4516909549074106}
  m_RootOrder: 0
  m_LocalEulerAnglesHint: {x: 0, y: 0, z: 0}
--- !u!4 &4310745432434422
Transform:
  m_ObjectHideFlags: 1
  m_PrefabParentObject: {fileID: 0}
  m_PrefabInternal: {fileID: 100100000}
  m_GameObject: {fileID: 1697286256468396}
  m_LocalRotation: {x: -0.024845734, y: 0, z: -0, w: 0.9996913}
  m_LocalPosition: {x: 0.00093748677, y: 0.02232635, z: -0.018800136}
  m_LocalScale: {x: 18.9955, y: 18.995499, z: 18.995499}
  m_Children: []
  m_Father: {fileID: 4388350784615436}
  m_RootOrder: 8
  m_LocalEulerAnglesHint: {x: 0, y: 0, z: 0}
--- !u!4 &4315519509372290
Transform:
  m_ObjectHideFlags: 1
  m_PrefabParentObject: {fileID: 0}
  m_PrefabInternal: {fileID: 100100000}
  m_GameObject: {fileID: 1888104459376494}
  m_LocalRotation: {x: 0.0000000018626451, y: -0, z: -0, w: 1}
  m_LocalPosition: {x: -0, y: -0.026404068, z: -0.00000076237245}
  m_LocalScale: {x: 1, y: 1.0000001, z: 1.0000001}
  m_Children: []
  m_Father: {fileID: 4421897547375916}
  m_RootOrder: 12
  m_LocalEulerAnglesHint: {x: 0, y: 0, z: 0}
--- !u!4 &4315754245582438
Transform:
  m_ObjectHideFlags: 1
  m_PrefabParentObject: {fileID: 0}
  m_PrefabInternal: {fileID: 100100000}
  m_GameObject: {fileID: 1120589591904634}
  m_LocalRotation: {x: 0.8767271, y: 0, z: 0, w: -0.48098817}
  m_LocalPosition: {x: -0, y: 0.007511539, z: -0.0006680279}
  m_LocalScale: {x: 1, y: 1, z: 1}
  m_Children: []
  m_Father: {fileID: 4605968177100266}
  m_RootOrder: 0
  m_LocalEulerAnglesHint: {x: 0, y: 0, z: 0}
--- !u!4 &4322109989524848
Transform:
  m_ObjectHideFlags: 1
  m_PrefabParentObject: {fileID: 0}
  m_PrefabInternal: {fileID: 100100000}
  m_GameObject: {fileID: 1869649941389544}
  m_LocalRotation: {x: -0.0003140321, y: 0.000000003739278, z: -0.000000044540425,
    w: 0.99999994}
  m_LocalPosition: {x: -0.000000003027916, y: 0.0028447993, z: -0.00000025434494}
  m_LocalScale: {x: 1, y: 1, z: 1.0000002}
  m_Children:
  - {fileID: 4711695293688298}
  m_Father: {fileID: 4010383849218876}
  m_RootOrder: 0
  m_LocalEulerAnglesHint: {x: 0, y: 0, z: 0}
--- !u!4 &4333412674233720
Transform:
  m_ObjectHideFlags: 1
  m_PrefabParentObject: {fileID: 0}
  m_PrefabInternal: {fileID: 100100000}
  m_GameObject: {fileID: 1633582047112838}
  m_LocalRotation: {x: 0.7503075, y: 0, z: 0, w: 0.661089}
  m_LocalPosition: {x: -0, y: 0.0068960995, z: 0.0042118286}
  m_LocalScale: {x: 1, y: 1.0000001, z: 1.0000001}
  m_Children: []
  m_Father: {fileID: 4421897547375916}
  m_RootOrder: 3
  m_LocalEulerAnglesHint: {x: 0, y: 0, z: 0}
--- !u!4 &4379968009198040
Transform:
  m_ObjectHideFlags: 1
  m_PrefabParentObject: {fileID: 0}
  m_PrefabInternal: {fileID: 100100000}
  m_GameObject: {fileID: 1632445575535454}
  m_LocalRotation: {x: 0.2904434, y: -0, z: -0, w: 0.9568922}
  m_LocalPosition: {x: -0, y: 0.004560571, z: -0.000000003027916}
  m_LocalScale: {x: 1, y: 1.0000001, z: 1.0000001}
  m_Children: []
  m_Father: {fileID: 4236545082955662}
  m_RootOrder: 0
  m_LocalEulerAnglesHint: {x: 0, y: 0, z: 0}
--- !u!4 &4388350784615436
Transform:
  m_ObjectHideFlags: 1
  m_PrefabParentObject: {fileID: 0}
  m_PrefabInternal: {fileID: 100100000}
  m_GameObject: {fileID: 1184873246162124}
  m_LocalRotation: {x: -0, y: -0, z: -0, w: 1}
  m_LocalPosition: {x: 0, y: 0, z: 0}
  m_LocalScale: {x: 1, y: 1, z: 1}
  m_Children:
  - {fileID: 4234757295958474}
  - {fileID: 4921151445508974}
  - {fileID: 4701696903952026}
  - {fileID: 4967277953556294}
  - {fileID: 4006360175113028}
  - {fileID: 4609018397989500}
  - {fileID: 4885598728346718}
  - {fileID: 4742633246124988}
  - {fileID: 4310745432434422}
  - {fileID: 4252242044312930}
  - {fileID: 4146889597754514}
  m_Father: {fileID: 4733080672448652}
  m_RootOrder: 0
  m_LocalEulerAnglesHint: {x: 0, y: 0, z: 0}
--- !u!4 &4401540726844128
Transform:
  m_ObjectHideFlags: 1
  m_PrefabParentObject: {fileID: 0}
  m_PrefabInternal: {fileID: 100100000}
  m_GameObject: {fileID: 1546392532387802}
  m_LocalRotation: {x: -0.000120611454, y: -0.7071068, z: -0.000120611454, w: 0.7071068}
  m_LocalPosition: {x: 0.000000001513958, y: 0.0019192233, z: -0.00000030487328}
  m_LocalScale: {x: 0.99999994, y: 1, z: 0.9999999}
  m_Children: []
  m_Father: {fileID: 4711695293688298}
  m_RootOrder: 1
  m_LocalEulerAnglesHint: {x: 0, y: 0, z: 0}
--- !u!4 &4403674817381750
Transform:
  m_ObjectHideFlags: 1
  m_PrefabParentObject: {fileID: 0}
  m_PrefabInternal: {fileID: 100100000}
  m_GameObject: {fileID: 1951186704032908}
  m_LocalRotation: {x: -0.000000046680746, y: -0.0000000048159063, z: -0.05660567,
    w: 0.99839664}
  m_LocalPosition: {x: -0.0019100807, y: -0.0045598084, z: 0.00007645336}
  m_LocalScale: {x: 1.0000004, y: 1.0000001, z: 1.0000001}
  m_Children:
  - {fileID: 4064838703538662}
  m_Father: {fileID: 4880556664358466}
  m_RootOrder: 3
  m_LocalEulerAnglesHint: {x: 0, y: 0, z: 0}
--- !u!4 &4406992906953560
Transform:
  m_ObjectHideFlags: 1
  m_PrefabParentObject: {fileID: 0}
  m_PrefabInternal: {fileID: 100100000}
  m_GameObject: {fileID: 1966228740985566}
  m_LocalRotation: {x: -0.000000041906638, y: -0.7071068, z: -0.000000041906638, w: 0.7071068}
  m_LocalPosition: {x: -0, y: -0.0019192483, z: 0.00000030468405}
  m_LocalScale: {x: 1.0000002, y: 1.0000001, z: 1.0000001}
  m_Children: []
  m_Father: {fileID: 4234507297095990}
  m_RootOrder: 1
  m_LocalEulerAnglesHint: {x: 0, y: 0, z: 0}
--- !u!4 &4421897547375916
Transform:
  m_ObjectHideFlags: 1
  m_PrefabParentObject: {fileID: 0}
  m_PrefabInternal: {fileID: 100100000}
  m_GameObject: {fileID: 1294623013418746}
  m_LocalRotation: {x: 0.0000000018626451, y: -0, z: -0, w: 1}
  m_LocalPosition: {x: -0, y: 0, z: 0}
  m_LocalScale: {x: 1, y: 1.0000001, z: 1.0000001}
  m_Children:
  - {fileID: 4865617697612298}
  - {fileID: 4605968177100266}
  - {fileID: 4429352687232530}
  - {fileID: 4333412674233720}
  - {fileID: 4172105944268158}
  - {fileID: 4034698716556836}
  - {fileID: 4158538298202568}
  - {fileID: 4960648359681666}
  - {fileID: 4620722029762730}
  - {fileID: 4239019700299032}
  - {fileID: 4097071333427778}
  - {fileID: 4227188322786856}
  - {fileID: 4315519509372290}
  - {fileID: 4270602494396572}
  - {fileID: 4093291972704602}
  m_Father: {fileID: 4296363724027830}
  m_RootOrder: 0
  m_LocalEulerAnglesHint: {x: 0, y: 0, z: 0}
--- !u!4 &4429352687232530
Transform:
  m_ObjectHideFlags: 1
  m_PrefabParentObject: {fileID: 0}
  m_PrefabInternal: {fileID: 100100000}
  m_GameObject: {fileID: 1711901576823618}
  m_LocalRotation: {x: 0.0000000018626451, y: -0, z: -0, w: 1}
  m_LocalPosition: {x: -0.0033647378, y: 0.0029723023, z: 0.004896866}
  m_LocalScale: {x: 1, y: 1.0000001, z: 1.0000001}
  m_Children: []
  m_Father: {fileID: 4421897547375916}
  m_RootOrder: 2
  m_LocalEulerAnglesHint: {x: 0, y: 0, z: 0}
--- !u!4 &4482281539829472
Transform:
  m_ObjectHideFlags: 1
  m_PrefabParentObject: {fileID: 0}
  m_PrefabInternal: {fileID: 100100000}
  m_GameObject: {fileID: 1310914869227756}
  m_LocalRotation: {x: 0.00000001164153, y: 0.0000000037252903, z: 0.000000029802319,
    w: 1}
  m_LocalPosition: {x: -0, y: 0.0033845499, z: 3.784895e-10}
  m_LocalScale: {x: 1.0000001, y: 1.0000001, z: 1.0000001}
  m_Children: []
  m_Father: {fileID: 4103151930894668}
  m_RootOrder: 0
  m_LocalEulerAnglesHint: {x: 0, y: 0, z: 0}
--- !u!4 &4489251502349620
Transform:
  m_ObjectHideFlags: 1
  m_PrefabParentObject: {fileID: 0}
  m_PrefabInternal: {fileID: 100100000}
  m_GameObject: {fileID: 1495341342029926}
  m_LocalRotation: {x: -0.0000002910954, y: -0.00000004827135, z: 0.05678039, w: 0.9983867}
  m_LocalPosition: {x: -0.0018978883, y: 0.0045024026, z: -0.000103379105}
  m_LocalScale: {x: 1.0000004, y: 1.0000002, z: 0.9999998}
  m_Children:
  - {fileID: 4643333369739348}
  m_Father: {fileID: 4148274173478602}
  m_RootOrder: 1
  m_LocalEulerAnglesHint: {x: 0, y: 0, z: 0}
--- !u!4 &4516909549074106
Transform:
  m_ObjectHideFlags: 1
  m_PrefabParentObject: {fileID: 0}
  m_PrefabInternal: {fileID: 100100000}
  m_GameObject: {fileID: 1797916385502732}
  m_LocalRotation: {x: -0.058487646, y: 0, z: -0, w: 0.99828815}
  m_LocalPosition: {x: -0, y: 0.0016850367, z: -1.4193356e-10}
  m_LocalScale: {x: 1, y: 1.0000001, z: 1.0000001}
  m_Children:
  - {fileID: 4296363724027830}
  - {fileID: 4010383849218876}
  - {fileID: 4264845030281680}
  - {fileID: 4025216773979096}
  m_Father: {fileID: 4555093726903302}
  m_RootOrder: 2
  m_LocalEulerAnglesHint: {x: 0, y: 0, z: 0}
--- !u!4 &4528115085049390
Transform:
  m_ObjectHideFlags: 1
  m_PrefabParentObject: {fileID: 0}
  m_PrefabInternal: {fileID: 100100000}
  m_GameObject: {fileID: 1785621745979232}
  m_LocalRotation: {x: 0.000082850354, y: 0.00000004657198, z: 0.000000070560205,
    w: 1}
  m_LocalPosition: {x: 1.8924474e-10, y: 0.0024005529, z: 0}
  m_LocalScale: {x: 0.9999999, y: 1.0000001, z: 1}
  m_Children: []
  m_Father: {fileID: 4651699130152904}
  m_RootOrder: 0
  m_LocalEulerAnglesHint: {x: 0, y: 0, z: 0}
--- !u!4 &4555093726903302
Transform:
  m_ObjectHideFlags: 1
  m_PrefabParentObject: {fileID: 0}
  m_PrefabInternal: {fileID: 100100000}
  m_GameObject: {fileID: 1297284878666440}
  m_LocalRotation: {x: 0, y: -0, z: -0, w: 1}
  m_LocalPosition: {x: -0, y: 0.015392659, z: 0.001124204}
  m_LocalScale: {x: 1, y: 1, z: 1}
  m_Children:
  - {fileID: 4919342387641050}
  - {fileID: 4782147487677962}
  - {fileID: 4516909549074106}
  - {fileID: 4236545082955662}
  m_Father: {fileID: 4872229746909812}
  m_RootOrder: 0
  m_LocalEulerAnglesHint: {x: 0, y: 0, z: 0}
--- !u!4 &4580633755049130
Transform:
  m_ObjectHideFlags: 1
  m_PrefabParentObject: {fileID: 0}
  m_PrefabInternal: {fileID: 100100000}
  m_GameObject: {fileID: 1524993386319164}
  m_LocalRotation: {x: 0.00000039589068, y: 0.000000046768548, z: 0.056780096, w: 0.99838674}
  m_LocalPosition: {x: 0.0018978886, y: -0.0045024035, z: 0.000103379105}
  m_LocalScale: {x: 1.0000004, y: 1.0000002, z: 1}
  m_Children:
  - {fileID: 4070366936837962}
  m_Father: {fileID: 4880556664358466}
  m_RootOrder: 1
  m_LocalEulerAnglesHint: {x: 0, y: 0, z: 0}
--- !u!4 &4605968177100266
Transform:
  m_ObjectHideFlags: 1
  m_PrefabParentObject: {fileID: 0}
  m_PrefabInternal: {fileID: 100100000}
  m_GameObject: {fileID: 1317192245291038}
  m_LocalRotation: {x: 0.8767269, y: -0, z: 0, w: 0.4809884}
  m_LocalPosition: {x: -0, y: 0.0037912051, z: -9.462237e-11}
  m_LocalScale: {x: 1, y: 1.0000001, z: 1.0000001}
  m_Children:
  - {fileID: 4315754245582438}
  m_Father: {fileID: 4421897547375916}
  m_RootOrder: 1
  m_LocalEulerAnglesHint: {x: 0, y: 0, z: 0}
--- !u!4 &4609018397989500
Transform:
  m_ObjectHideFlags: 1
  m_PrefabParentObject: {fileID: 0}
  m_PrefabInternal: {fileID: 100100000}
  m_GameObject: {fileID: 1269423545471266}
  m_LocalRotation: {x: -0.024845734, y: 0, z: -0, w: 0.9996913}
  m_LocalPosition: {x: 0.00093748677, y: 0.02232635, z: 0.0931}
  m_LocalScale: {x: 18.9955, y: 18.995499, z: 18.995499}
  m_Children: []
  m_Father: {fileID: 4388350784615436}
  m_RootOrder: 5
  m_LocalEulerAnglesHint: {x: 0, y: 0, z: 0}
--- !u!4 &4620722029762730
Transform:
  m_ObjectHideFlags: 1
  m_PrefabParentObject: {fileID: 0}
  m_PrefabInternal: {fileID: 100100000}
  m_GameObject: {fileID: 1998172546869444}
  m_LocalRotation: {x: 0.0000000018626451, y: -0, z: -0, w: 1}
  m_LocalPosition: {x: -0, y: -0.026404068, z: -0.00000076237245}
  m_LocalScale: {x: 1, y: 1.0000001, z: 1.0000001}
  m_Children: []
  m_Father: {fileID: 4421897547375916}
  m_RootOrder: 8
  m_LocalEulerAnglesHint: {x: 0, y: 0, z: 0}
--- !u!4 &4643333369739348
Transform:
  m_ObjectHideFlags: 1
  m_PrefabParentObject: {fileID: 0}
  m_PrefabInternal: {fileID: 100100000}
  m_GameObject: {fileID: 1780989326643470}
  m_LocalRotation: {x: 0.000000064494074, y: 0.00000010058287, z: 0.00000024167824,
    w: 1}
  m_LocalPosition: {x: -0, y: 0.002131568, z: 0.000000004541874}
  m_LocalScale: {x: 1, y: 1, z: 0.9999998}
  m_Children: []
  m_Father: {fileID: 4489251502349620}
  m_RootOrder: 0
  m_LocalEulerAnglesHint: {x: 0, y: 0, z: 0}
--- !u!4 &4651699130152904
Transform:
  m_ObjectHideFlags: 1
  m_PrefabParentObject: {fileID: 0}
  m_PrefabInternal: {fileID: 100100000}
  m_GameObject: {fileID: 1965790792448662}
  m_LocalRotation: {x: 0.000033836568, y: 0.00005061537, z: 0.000050555183, w: 1}
  m_LocalPosition: {x: 0.00000025387183, y: 0.004684267, z: -0.000093218936}
  m_LocalScale: {x: 1.0000001, y: 1.0000001, z: 1}
  m_Children:
  - {fileID: 4528115085049390}
  m_Father: {fileID: 4148274173478602}
  m_RootOrder: 2
  m_LocalEulerAnglesHint: {x: 0, y: 0, z: 0}
--- !u!4 &4701696903952026
Transform:
  m_ObjectHideFlags: 1
  m_PrefabParentObject: {fileID: 0}
  m_PrefabInternal: {fileID: 100100000}
  m_GameObject: {fileID: 1455050312663258}
  m_LocalRotation: {x: -0.024845734, y: 0, z: -0, w: 0.9996913}
  m_LocalPosition: {x: 0.00093748677, y: 0.02232635, z: -0.018800136}
  m_LocalScale: {x: 18.9955, y: 18.995499, z: 18.995499}
  m_Children: []
  m_Father: {fileID: 4388350784615436}
  m_RootOrder: 2
  m_LocalEulerAnglesHint: {x: 0, y: 0, z: 0}
--- !u!4 &4711695293688298
Transform:
  m_ObjectHideFlags: 1
  m_PrefabParentObject: {fileID: 0}
  m_PrefabInternal: {fileID: 100100000}
  m_GameObject: {fileID: 1412809306946062}
  m_LocalRotation: {x: 5.258017e-11, y: 0.0000000018626451, z: -0.000000003461082,
    w: 1}
  m_LocalPosition: {x: -0, y: 0.0044076634, z: 0.00000025434494}
  m_LocalScale: {x: 0.99999994, y: 1, z: 1}
  m_Children:
  - {fileID: 4148274173478602}
  - {fileID: 4401540726844128}
  m_Father: {fileID: 4322109989524848}
  m_RootOrder: 0
  m_LocalEulerAnglesHint: {x: 0, y: 0, z: 0}
--- !u!4 &4733080672448652
Transform:
  m_ObjectHideFlags: 1
  m_PrefabParentObject: {fileID: 0}
  m_PrefabInternal: {fileID: 100100000}
  m_GameObject: {fileID: 1915829677215288}
  m_LocalRotation: {x: 0, y: 0, z: 0, w: 1}
  m_LocalPosition: {x: -21.163, y: 1.24, z: -21.071}
  m_LocalScale: {x: 4.374291, y: 4.3742895, z: 4.3742895}
  m_Children:
  - {fileID: 4388350784615436}
  - {fileID: 4203343722163420}
  m_Father: {fileID: 0}
  m_RootOrder: 0
  m_LocalEulerAnglesHint: {x: 0, y: 0, z: 0}
--- !u!4 &4742187934837804
Transform:
  m_ObjectHideFlags: 1
  m_PrefabParentObject: {fileID: 0}
  m_PrefabInternal: {fileID: 100100000}
  m_GameObject: {fileID: 1593885755379710}
  m_LocalRotation: {x: -0.00000006402844, y: 0.000000016763808, z: 0.0000000101426885,
    w: 1}
  m_LocalPosition: {x: 1.8924474e-10, y: 0.0021656032, z: -0.000000003027916}
  m_LocalScale: {x: 1, y: 0.99999994, z: 1.0000001}
  m_Children: []
  m_Father: {fileID: 4130673200338016}
  m_RootOrder: 0
  m_LocalEulerAnglesHint: {x: 0, y: 0, z: 0}
--- !u!4 &4742633246124988
Transform:
  m_ObjectHideFlags: 1
  m_PrefabParentObject: {fileID: 0}
  m_PrefabInternal: {fileID: 100100000}
  m_GameObject: {fileID: 1793833962385336}
  m_LocalRotation: {x: -0.024845734, y: 0, z: -0, w: 0.9996913}
  m_LocalPosition: {x: 0.00093748677, y: 0.02232635, z: -0.018800136}
  m_LocalScale: {x: 18.9955, y: 18.995499, z: 18.995499}
  m_Children: []
  m_Father: {fileID: 4388350784615436}
  m_RootOrder: 7
  m_LocalEulerAnglesHint: {x: 0, y: 0, z: 0}
--- !u!4 &4782147487677962
Transform:
  m_ObjectHideFlags: 1
  m_PrefabParentObject: {fileID: 0}
  m_PrefabInternal: {fileID: 100100000}
  m_GameObject: {fileID: 1937458827887448}
  m_LocalRotation: {x: 0.000060999766, y: 0.0000000037231302, z: 0.000061035156, w: 1}
  m_LocalPosition: {x: 0.005001513, y: -0.0018412453, z: -0.001923796}
  m_LocalScale: {x: 1, y: 1, z: 1}
  m_Children:
  - {fileID: 4163510809575994}
  m_Father: {fileID: 4555093726903302}
  m_RootOrder: 1
  m_LocalEulerAnglesHint: {x: 0, y: 0, z: 0}
--- !u!4 &4837719280453290
Transform:
  m_ObjectHideFlags: 1
  m_PrefabParentObject: {fileID: 0}
  m_PrefabInternal: {fileID: 100100000}
  m_GameObject: {fileID: 1043174885152004}
  m_LocalRotation: {x: -0.5, y: 0.4999998, z: -0.49999994, w: 0.50000024}
  m_LocalPosition: {x: 0.00001480878, y: -0.0037218884, z: 0.0018953966}
  m_LocalScale: {x: 1, y: 1.0000001, z: 1.0000004}
  m_Children: []
  m_Father: {fileID: 4880556664358466}
  m_RootOrder: 0
  m_LocalEulerAnglesHint: {x: 0, y: 0, z: 0}
--- !u!4 &4865617697612298
Transform:
  m_ObjectHideFlags: 1
  m_PrefabParentObject: {fileID: 0}
  m_PrefabInternal: {fileID: 100100000}
  m_GameObject: {fileID: 1002159878174150}
  m_LocalRotation: {x: 0.0000000018626451, y: -0, z: -0, w: 1}
  m_LocalPosition: {x: -0, y: 0.013900317, z: 0.0002064506}
  m_LocalScale: {x: 1, y: 1.0000001, z: 1.0000001}
  m_Children: []
  m_Father: {fileID: 4421897547375916}
  m_RootOrder: 0
  m_LocalEulerAnglesHint: {x: 0, y: 0, z: 0}
--- !u!4 &4872229746909812
Transform:
  m_ObjectHideFlags: 1
  m_PrefabParentObject: {fileID: 0}
  m_PrefabInternal: {fileID: 100100000}
  m_GameObject: {fileID: 1353679584274970}
  m_LocalRotation: {x: 0, y: -0, z: -0, w: 1}
  m_LocalPosition: {x: -0, y: 0, z: 0}
  m_LocalScale: {x: 1, y: 1.0000001, z: 1.0000001}
  m_Children:
  - {fileID: 4555093726903302}
  m_Father: {fileID: 4234757295958474}
  m_RootOrder: 0
  m_LocalEulerAnglesHint: {x: 0, y: 0, z: 0}
--- !u!4 &4880556664358466
Transform:
  m_ObjectHideFlags: 1
  m_PrefabParentObject: {fileID: 0}
  m_PrefabInternal: {fileID: 100100000}
  m_GameObject: {fileID: 1490143944860250}
  m_LocalRotation: {x: -0.000000041906638, y: -0.7071068, z: -0.000000041906638, w: 0.7071068}
  m_LocalPosition: {x: -0, y: -0.0036880802, z: -5.6773425e-10}
  m_LocalScale: {x: 1.0000002, y: 1.0000001, z: 1.0000001}
  m_Children:
  - {fileID: 4837719280453290}
  - {fileID: 4580633755049130}
  - {fileID: 4076461348012666}
  - {fileID: 4403674817381750}
  - {fileID: 4277721234244708}
  m_Father: {fileID: 4234507297095990}
  m_RootOrder: 0
  m_LocalEulerAnglesHint: {x: 0, y: 0, z: 0}
--- !u!4 &4885598728346718
Transform:
  m_ObjectHideFlags: 1
  m_PrefabParentObject: {fileID: 0}
  m_PrefabInternal: {fileID: 100100000}
  m_GameObject: {fileID: 1445692523478468}
  m_LocalRotation: {x: -0.024845734, y: 0, z: -0, w: 0.9996913}
  m_LocalPosition: {x: 0.1041, y: 0.02232635, z: 0.0575}
  m_LocalScale: {x: 18.9955, y: 18.995499, z: 18.995499}
  m_Children: []
  m_Father: {fileID: 4388350784615436}
  m_RootOrder: 6
  m_LocalEulerAnglesHint: {x: 0, y: 0, z: 0}
--- !u!4 &4914901443804736
Transform:
  m_ObjectHideFlags: 1
  m_PrefabParentObject: {fileID: 0}
  m_PrefabInternal: {fileID: 100100000}
  m_GameObject: {fileID: 1703014759634172}
  m_LocalRotation: {x: -0.43737462, y: 0.000007541345, z: -0.000054198877, w: 0.8992794}
  m_LocalPosition: {x: 7.56979e-10, y: 0.003165602, z: -0.00009245628}
  m_LocalScale: {x: 1, y: 1, z: 0.9999999}
  m_Children: []
  m_Father: {fileID: 4136978591434776}
  m_RootOrder: 0
  m_LocalEulerAnglesHint: {x: 0, y: 0, z: 0}
--- !u!4 &4919342387641050
Transform:
  m_ObjectHideFlags: 1
  m_PrefabParentObject: {fileID: 0}
  m_PrefabInternal: {fileID: 100100000}
  m_GameObject: {fileID: 1519007235044140}
  m_LocalRotation: {x: 1, y: -0.000061000002, z: 0.0000000037366426, w: -0.00006125271}
  m_LocalPosition: {x: -0.0050015138, y: -0.0018412453, z: -0.001923796}
  m_LocalScale: {x: 1, y: 1.0000001, z: 1.0000001}
  m_Children:
  - {fileID: 4117248856836114}
  m_Father: {fileID: 4555093726903302}
  m_RootOrder: 0
  m_LocalEulerAnglesHint: {x: 0, y: 0, z: 0}
--- !u!4 &4921151445508974
Transform:
  m_ObjectHideFlags: 1
  m_PrefabParentObject: {fileID: 0}
  m_PrefabInternal: {fileID: 100100000}
  m_GameObject: {fileID: 1082353984943472}
  m_LocalRotation: {x: -0.024845734, y: 0, z: -0, w: 0.9996913}
  m_LocalPosition: {x: 0.00093748677, y: 0.02232635, z: 0.055}
  m_LocalScale: {x: 18.9955, y: 18.995499, z: 18.995499}
  m_Children: []
  m_Father: {fileID: 4388350784615436}
  m_RootOrder: 1
  m_LocalEulerAnglesHint: {x: 0, y: 0, z: 0}
--- !u!4 &4960648359681666
Transform:
  m_ObjectHideFlags: 1
  m_PrefabParentObject: {fileID: 0}
  m_PrefabInternal: {fileID: 100100000}
  m_GameObject: {fileID: 1657885342903210}
  m_LocalRotation: {x: 0.0000000018626451, y: -0, z: -0, w: 1}
  m_LocalPosition: {x: -0, y: -0.026404068, z: -0.00000076237245}
  m_LocalScale: {x: 1, y: 1.0000001, z: 1.0000001}
  m_Children: []
  m_Father: {fileID: 4421897547375916}
  m_RootOrder: 7
  m_LocalEulerAnglesHint: {x: 0, y: 0, z: 0}
--- !u!4 &4967277953556294
Transform:
  m_ObjectHideFlags: 1
  m_PrefabParentObject: {fileID: 0}
  m_PrefabInternal: {fileID: 100100000}
  m_GameObject: {fileID: 1883334904277990}
  m_LocalRotation: {x: -0.024845734, y: 0, z: -0, w: 0.9996913}
  m_LocalPosition: {x: 0.00093748677, y: 0.02232635, z: -0.018800136}
  m_LocalScale: {x: 18.9955, y: 18.995499, z: 18.995499}
  m_Children: []
  m_Father: {fileID: 4388350784615436}
  m_RootOrder: 3
  m_LocalEulerAnglesHint: {x: 0, y: 0, z: 0}
--- !u!20 &20674339211193338
Camera:
  m_ObjectHideFlags: 1
  m_PrefabParentObject: {fileID: 0}
  m_PrefabInternal: {fileID: 100100000}
  m_GameObject: {fileID: 1668031284545088}
  m_Enabled: 0
  serializedVersion: 2
  m_ClearFlags: 1
  m_BackGroundColor: {r: 0.19215687, g: 0.3019608, b: 0.4745098, a: 0}
  m_NormalizedViewPortRect:
    serializedVersion: 2
    x: 0
    y: 0
    width: 1
    height: 1
  near clip plane: 0.3
  far clip plane: 1000
  field of view: 60
  orthographic: 0
  orthographic size: 5
  m_Depth: 0
  m_CullingMask:
    serializedVersion: 2
    m_Bits: 4294967295
  m_RenderingPath: -1
  m_TargetTexture: {fileID: 0}
  m_TargetDisplay: 0
  m_TargetEye: 3
  m_HDR: 1
  m_AllowMSAA: 1
  m_AllowDynamicResolution: 0
  m_ForceIntoRT: 0
  m_OcclusionCulling: 1
  m_StereoConvergence: 10
  m_StereoSeparation: 0.022
--- !u!54 &54916804768258458
Rigidbody:
  m_ObjectHideFlags: 1
  m_PrefabParentObject: {fileID: 0}
  m_PrefabInternal: {fileID: 100100000}
  m_GameObject: {fileID: 1915829677215288}
  serializedVersion: 2
  m_Mass: 1
  m_Drag: 0
  m_AngularDrag: 0.05
  m_UseGravity: 0
  m_IsKinematic: 1
  m_Interpolate: 0
  m_Constraints: 0
  m_CollisionDetection: 0
--- !u!95 &95541365178886248
Animator:
  serializedVersion: 3
  m_ObjectHideFlags: 1
  m_PrefabParentObject: {fileID: 0}
  m_PrefabInternal: {fileID: 100100000}
  m_GameObject: {fileID: 1184873246162124}
  m_Enabled: 1
  m_Avatar: {fileID: 9000000, guid: b92b36f80ea89654d8ad862c542204a9, type: 3}
  m_Controller: {fileID: 0}
  m_CullingMode: 1
  m_UpdateMode: 0
  m_ApplyRootMotion: 0
  m_LinearVelocityBlending: 0
  m_WarningMessage: 
  m_HasTransformHierarchy: 1
  m_AllowConstantClipSamplingOptimization: 1
--- !u!114 &114566414800901060
MonoBehaviour:
  m_ObjectHideFlags: 1
  m_PrefabParentObject: {fileID: 0}
  m_PrefabInternal: {fileID: 100100000}
  m_GameObject: {fileID: 1915829677215288}
  m_Enabled: 0
  m_EditorHideFlags: 0
  m_Script: {fileID: 11500000, guid: 7a1b50c7187d4f440a57ce72fdb8676a, type: 3}
  m_Name: 
  m_EditorClassIdentifier: 
  myNumber: 0
--- !u!114 &114580512269292646
MonoBehaviour:
  m_ObjectHideFlags: 1
  m_PrefabParentObject: {fileID: 0}
  m_PrefabInternal: {fileID: 100100000}
  m_GameObject: {fileID: 1915829677215288}
  m_Enabled: 1
  m_EditorHideFlags: 0
  m_Script: {fileID: 11500000, guid: f09a3671fcd30994f999718f02620c6c, type: 3}
  m_Name: 
  m_EditorClassIdentifier: 
--- !u!114 &114638116692865226
MonoBehaviour:
  m_ObjectHideFlags: 1
  m_PrefabParentObject: {fileID: 0}
  m_PrefabInternal: {fileID: 100100000}
  m_GameObject: {fileID: 1915829677215288}
  m_Enabled: 1
  m_EditorHideFlags: 0
  m_Script: {fileID: 11500000, guid: d5342b2c4e2b1ae49bf8f41cf263f252, type: 3}
  m_Name: 
  m_EditorClassIdentifier: 
--- !u!114 &114775212968765942
MonoBehaviour:
  m_ObjectHideFlags: 1
  m_PrefabParentObject: {fileID: 0}
  m_PrefabInternal: {fileID: 100100000}
  m_GameObject: {fileID: 1915829677215288}
  m_Enabled: 1
  m_EditorHideFlags: 0
  m_Script: {fileID: 11500000, guid: 53af253f6f8163a408653464207e44b5, type: 3}
  m_Name: 
  m_EditorClassIdentifier: 
  Positions: {fileID: 0}
  destinations: []
--- !u!114 &114979533568532506
MonoBehaviour:
  m_ObjectHideFlags: 1
  m_PrefabParentObject: {fileID: 0}
  m_PrefabInternal: {fileID: 100100000}
  m_GameObject: {fileID: 1915829677215288}
  m_Enabled: 1
  m_EditorHideFlags: 0
  m_Script: {fileID: 11500000, guid: aa584fbee541324448dd18d8409c7a41, type: 3}
  m_Name: 
  m_EditorClassIdentifier: 
  ownerId: 0
  group: 0
  OwnerShipWasTransfered: 0
  prefixBackup: -1
  synchronization: 3
  onSerializeTransformOption: 3
  onSerializeRigidBodyOption: 2
  ownershipTransfer: 0
  ObservedComponents:
  - {fileID: 4733080672448652}
  ObservedComponentsFoldoutOpen: 1
  viewIdField: 0
  instantiationId: -1
  currentMasterID: -1
  isRuntimeInstantiated: 0
--- !u!124 &124831042247723890
Behaviour:
  m_ObjectHideFlags: 1
  m_PrefabParentObject: {fileID: 0}
  m_PrefabInternal: {fileID: 100100000}
  m_GameObject: {fileID: 1668031284545088}
  m_Enabled: 1
--- !u!136 &136768290314039300
CapsuleCollider:
  m_ObjectHideFlags: 1
  m_PrefabParentObject: {fileID: 0}
  m_PrefabInternal: {fileID: 100100000}
  m_GameObject: {fileID: 1915829677215288}
  m_Material: {fileID: 0}
  m_IsTrigger: 0
  m_Enabled: 1
  m_Radius: 0.18664633
  m_Height: 0.89545625
  m_Direction: 1
  m_Center: {x: 0, y: 0.45384267, z: -0.011747905}
--- !u!137 &137261771604245078
SkinnedMeshRenderer:
  m_ObjectHideFlags: 1
  m_PrefabParentObject: {fileID: 0}
  m_PrefabInternal: {fileID: 100100000}
  m_GameObject: {fileID: 1697286256468396}
  m_Enabled: 1
  m_CastShadows: 1
  m_ReceiveShadows: 1
  m_DynamicOccludee: 1
  m_MotionVectors: 1
  m_LightProbeUsage: 1
  m_ReflectionProbeUsage: 1
  m_Materials:
  - {fileID: 2100000, guid: b65fcae4c27b39747a12c591c3849e4d, type: 2}
  m_StaticBatchInfo:
    firstSubMesh: 0
    subMeshCount: 0
  m_StaticBatchRoot: {fileID: 0}
  m_ProbeAnchor: {fileID: 0}
  m_LightProbeVolumeOverride: {fileID: 0}
  m_ScaleInLightmap: 1
  m_PreserveUVs: 0
  m_IgnoreNormalsForChartDetection: 0
  m_ImportantGI: 0
  m_StitchLightmapSeams: 0
  m_SelectedEditorRenderState: 3
  m_MinimumChartSize: 4
  m_AutoUVMaxDistance: 0.5
  m_AutoUVMaxAngle: 89
  m_LightmapParameters: {fileID: 0}
  m_SortingLayerID: 0
  m_SortingLayer: 0
  m_SortingOrder: 0
  serializedVersion: 2
  m_Quality: 0
  m_UpdateWhenOffscreen: 0
  m_SkinnedMotionVectors: 1
  m_Mesh: {fileID: 4300038, guid: b92b36f80ea89654d8ad862c542204a9, type: 3}
  m_Bones:
  - {fileID: 4421897547375916}
  - {fileID: 4555093726903302}
  - {fileID: 4076461348012666}
  - {fileID: 4429352687232530}
  - {fileID: 4093291972704602}
  - {fileID: 4315754245582438}
  - {fileID: 4605968177100266}
  - {fileID: 4296363724027830}
  - {fileID: 4333412674233720}
  - {fileID: 4711695293688298}
  - {fileID: 4148274173478602}
  - {fileID: 4315519509372290}
  - {fileID: 4158538298202568}
  - {fileID: 4482281539829472}
  - {fileID: 4103151930894668}
  - {fileID: 4401540726844128}
  - {fileID: 4130673200338016}
  - {fileID: 4742187934837804}
  - {fileID: 4651699130152904}
  - {fileID: 4528115085049390}
  - {fileID: 4489251502349620}
  - {fileID: 4643333369739348}
  - {fileID: 4172105944268158}
  - {fileID: 4865617697612298}
  - {fileID: 4234757295958474}
  m_BlendShapeWeights: []
  m_RootBone: {fileID: 4234757295958474}
  m_AABB:
    m_Center: {x: -0.0072061457, y: 0.029591238, z: 0.0056541236}
    m_Extent: {x: 0.014508544, y: 0.010382218, z: 0.011897082}
  m_DirtyAABB: 0
--- !u!137 &137421901575103280
SkinnedMeshRenderer:
  m_ObjectHideFlags: 1
  m_PrefabParentObject: {fileID: 0}
  m_PrefabInternal: {fileID: 100100000}
  m_GameObject: {fileID: 1082353984943472}
  m_Enabled: 1
  m_CastShadows: 1
  m_ReceiveShadows: 1
  m_DynamicOccludee: 1
  m_MotionVectors: 1
  m_LightProbeUsage: 1
  m_ReflectionProbeUsage: 1
  m_Materials:
  - {fileID: 2100000, guid: 3b950ab61780d8f4a8f0d209d7b54eda, type: 2}
  m_StaticBatchInfo:
    firstSubMesh: 0
    subMeshCount: 0
  m_StaticBatchRoot: {fileID: 0}
  m_ProbeAnchor: {fileID: 0}
  m_LightProbeVolumeOverride: {fileID: 0}
  m_ScaleInLightmap: 1
  m_PreserveUVs: 0
  m_IgnoreNormalsForChartDetection: 0
  m_ImportantGI: 0
  m_StitchLightmapSeams: 0
  m_SelectedEditorRenderState: 3
  m_MinimumChartSize: 4
  m_AutoUVMaxDistance: 0.5
  m_AutoUVMaxAngle: 89
  m_LightmapParameters: {fileID: 0}
  m_SortingLayerID: 0
  m_SortingLayer: 0
  m_SortingOrder: 0
  serializedVersion: 2
  m_Quality: 0
  m_UpdateWhenOffscreen: 0
  m_SkinnedMotionVectors: 1
  m_Mesh: {fileID: 4300000, guid: b92b36f80ea89654d8ad862c542204a9, type: 3}
  m_Bones:
  - {fileID: 4172105944268158}
  m_BlendShapeWeights: []
  m_RootBone: {fileID: 4172105944268158}
  m_AABB:
    m_Center: {x: 0, y: 0.039210938, z: 0.0024228478}
    m_Extent: {x: 0.0051253135, y: 0.0038667694, z: 0.0018963893}
  m_DirtyAABB: 0
--- !u!137 &137423370632037768
SkinnedMeshRenderer:
  m_ObjectHideFlags: 1
  m_PrefabParentObject: {fileID: 0}
  m_PrefabInternal: {fileID: 100100000}
  m_GameObject: {fileID: 1793833962385336}
  m_Enabled: 1
  m_CastShadows: 1
  m_ReceiveShadows: 1
  m_DynamicOccludee: 1
  m_MotionVectors: 1
  m_LightProbeUsage: 1
  m_ReflectionProbeUsage: 1
  m_Materials:
  - {fileID: 2100000, guid: b65fcae4c27b39747a12c591c3849e4d, type: 2}
  m_StaticBatchInfo:
    firstSubMesh: 0
    subMeshCount: 0
  m_StaticBatchRoot: {fileID: 0}
  m_ProbeAnchor: {fileID: 0}
  m_LightProbeVolumeOverride: {fileID: 0}
  m_ScaleInLightmap: 1
  m_PreserveUVs: 0
  m_IgnoreNormalsForChartDetection: 0
  m_ImportantGI: 0
  m_StitchLightmapSeams: 0
  m_SelectedEditorRenderState: 3
  m_MinimumChartSize: 4
  m_AutoUVMaxDistance: 0.5
  m_AutoUVMaxAngle: 89
  m_LightmapParameters: {fileID: 0}
  m_SortingLayerID: 0
  m_SortingLayer: 0
  m_SortingOrder: 0
  serializedVersion: 2
  m_Quality: 0
  m_UpdateWhenOffscreen: 0
  m_SkinnedMotionVectors: 1
  m_Mesh: {fileID: 4300036, guid: b92b36f80ea89654d8ad862c542204a9, type: 3}
  m_Bones:
  - {fileID: 4421897547375916}
  - {fileID: 4117248856836114}
  - {fileID: 4919342387641050}
  - {fileID: 4136978591434776}
  - {fileID: 4148274173478602}
  - {fileID: 4401540726844128}
  - {fileID: 4711695293688298}
  - {fileID: 4322109989524848}
  - {fileID: 4516909549074106}
  - {fileID: 4010383849218876}
  - {fileID: 4555093726903302}
  - {fileID: 4236545082955662}
  - {fileID: 4264845030281680}
  - {fileID: 4006081045312244}
  - {fileID: 4379968009198040}
  - {fileID: 4782147487677962}
  - {fileID: 4880556664358466}
  - {fileID: 4406992906953560}
  - {fileID: 4234507297095990}
  - {fileID: 4064838703538662}
  - {fileID: 4403674817381750}
  - {fileID: 4076461348012666}
  - {fileID: 4109498547119248}
  - {fileID: 4580633755049130}
  - {fileID: 4070366936837962}
  - {fileID: 4277721234244708}
  - {fileID: 4170963464304106}
  - {fileID: 4025216773979096}
  - {fileID: 4236820858057124}
  - {fileID: 4257722088987866}
  - {fileID: 4163510809575994}
  - {fileID: 4914901443804736}
  m_BlendShapeWeights: []
  m_RootBone: {fileID: 4555093726903302}
  m_AABB:
    m_Center: {x: 0.004181325, y: 0.0040673893, z: -0.003610382}
    m_Extent: {x: 0.017533952, y: 0.024266241, z: 0.01065743}
  m_DirtyAABB: 0
--- !u!137 &137572742634313092
SkinnedMeshRenderer:
  m_ObjectHideFlags: 1
  m_PrefabParentObject: {fileID: 0}
  m_PrefabInternal: {fileID: 100100000}
  m_GameObject: {fileID: 1269423545471266}
  m_Enabled: 1
  m_CastShadows: 1
  m_ReceiveShadows: 1
  m_DynamicOccludee: 1
  m_MotionVectors: 1
  m_LightProbeUsage: 1
  m_ReflectionProbeUsage: 1
  m_Materials:
  - {fileID: 2100000, guid: 3b950ab61780d8f4a8f0d209d7b54eda, type: 2}
  m_StaticBatchInfo:
    firstSubMesh: 0
    subMeshCount: 0
  m_StaticBatchRoot: {fileID: 0}
  m_ProbeAnchor: {fileID: 0}
  m_LightProbeVolumeOverride: {fileID: 0}
  m_ScaleInLightmap: 1
  m_PreserveUVs: 0
  m_IgnoreNormalsForChartDetection: 0
  m_ImportantGI: 0
  m_StitchLightmapSeams: 0
  m_SelectedEditorRenderState: 3
  m_MinimumChartSize: 4
  m_AutoUVMaxDistance: 0.5
  m_AutoUVMaxAngle: 89
  m_LightmapParameters: {fileID: 0}
  m_SortingLayerID: 0
  m_SortingLayer: 0
  m_SortingOrder: 0
  serializedVersion: 2
  m_Quality: 0
  m_UpdateWhenOffscreen: 0
  m_SkinnedMotionVectors: 1
  m_Mesh: {fileID: 4300032, guid: b92b36f80ea89654d8ad862c542204a9, type: 3}
  m_Bones:
  - {fileID: 4421897547375916}
  m_BlendShapeWeights: []
  m_RootBone: {fileID: 4421897547375916}
  m_AABB:
    m_Center: {x: 0.002365502, y: 0.012187932, z: 0.003151733}
    m_Extent: {x: 0.0026232358, y: 0.0038938206, z: 0.0012819637}
  m_DirtyAABB: 0
--- !u!137 &137665412024056608
SkinnedMeshRenderer:
  m_ObjectHideFlags: 1
  m_PrefabParentObject: {fileID: 0}
  m_PrefabInternal: {fileID: 100100000}
  m_GameObject: {fileID: 1164779956182560}
  m_Enabled: 1
  m_CastShadows: 1
  m_ReceiveShadows: 1
  m_DynamicOccludee: 1
  m_MotionVectors: 1
  m_LightProbeUsage: 1
  m_ReflectionProbeUsage: 1
  m_Materials:
  - {fileID: 2100000, guid: b65fcae4c27b39747a12c591c3849e4d, type: 2}
  m_StaticBatchInfo:
    firstSubMesh: 0
    subMeshCount: 0
  m_StaticBatchRoot: {fileID: 0}
  m_ProbeAnchor: {fileID: 0}
  m_LightProbeVolumeOverride: {fileID: 0}
  m_ScaleInLightmap: 1
  m_PreserveUVs: 0
  m_IgnoreNormalsForChartDetection: 0
  m_ImportantGI: 0
  m_StitchLightmapSeams: 0
  m_SelectedEditorRenderState: 3
  m_MinimumChartSize: 4
  m_AutoUVMaxDistance: 0.5
  m_AutoUVMaxAngle: 89
  m_LightmapParameters: {fileID: 0}
  m_SortingLayerID: 0
  m_SortingLayer: 0
  m_SortingOrder: 0
  serializedVersion: 2
  m_Quality: 0
  m_UpdateWhenOffscreen: 0
  m_SkinnedMotionVectors: 1
  m_Mesh: {fileID: 4300042, guid: b92b36f80ea89654d8ad862c542204a9, type: 3}
  m_Bones:
  - {fileID: 4421897547375916}
  m_BlendShapeWeights: []
  m_RootBone: {fileID: 4421897547375916}
  m_AABB:
    m_Center: {x: -0.00235378, y: 0.012204822, z: 0.003123755}
    m_Extent: {x: 0.0025888062, y: 0.003886072, z: 0.0012465687}
  m_DirtyAABB: 0
--- !u!137 &137673038631042248
SkinnedMeshRenderer:
  m_ObjectHideFlags: 1
  m_PrefabParentObject: {fileID: 0}
  m_PrefabInternal: {fileID: 100100000}
  m_GameObject: {fileID: 1883334904277990}
  m_Enabled: 1
  m_CastShadows: 1
  m_ReceiveShadows: 1
  m_DynamicOccludee: 1
  m_MotionVectors: 1
  m_LightProbeUsage: 1
  m_ReflectionProbeUsage: 1
  m_Materials:
  - {fileID: 2100000, guid: b65fcae4c27b39747a12c591c3849e4d, type: 2}
  m_StaticBatchInfo:
    firstSubMesh: 0
    subMeshCount: 0
  m_StaticBatchRoot: {fileID: 0}
  m_ProbeAnchor: {fileID: 0}
  m_LightProbeVolumeOverride: {fileID: 0}
  m_ScaleInLightmap: 1
  m_PreserveUVs: 0
  m_IgnoreNormalsForChartDetection: 0
  m_ImportantGI: 0
  m_StitchLightmapSeams: 0
  m_SelectedEditorRenderState: 3
  m_MinimumChartSize: 4
  m_AutoUVMaxDistance: 0.5
  m_AutoUVMaxAngle: 89
  m_LightmapParameters: {fileID: 0}
  m_SortingLayerID: 0
  m_SortingLayer: 0
  m_SortingOrder: 0
  serializedVersion: 2
  m_Quality: 0
  m_UpdateWhenOffscreen: 0
  m_SkinnedMotionVectors: 1
  m_Mesh: {fileID: 4300028, guid: b92b36f80ea89654d8ad862c542204a9, type: 3}
  m_Bones:
  - {fileID: 4421897547375916}
  - {fileID: 4333412674233720}
  - {fileID: 4605968177100266}
  - {fileID: 4315754245582438}
  - {fileID: 4429352687232530}
  - {fileID: 4093291972704602}
  - {fileID: 4516909549074106}
  - {fileID: 4322109989524848}
  - {fileID: 4555093726903302}
  - {fileID: 4010383849218876}
  - {fileID: 4236545082955662}
  - {fileID: 4379968009198040}
  - {fileID: 4264845030281680}
  - {fileID: 4257722088987866}
  - {fileID: 4236820858057124}
  - {fileID: 4163510809575994}
  - {fileID: 4782147487677962}
  - {fileID: 4025216773979096}
  - {fileID: 4711695293688298}
  - {fileID: 4401540726844128}
  - {fileID: 4148274173478602}
  - {fileID: 4130673200338016}
  - {fileID: 4489251502349620}
  - {fileID: 4651699130152904}
  - {fileID: 4643333369739348}
  - {fileID: 4103151930894668}
  - {fileID: 4482281539829472}
  - {fileID: 4742187934837804}
  - {fileID: 4528115085049390}
  - {fileID: 4117248856836114}
  - {fileID: 4136978591434776}
  - {fileID: 4914901443804736}
  m_BlendShapeWeights: []
  m_RootBone: {fileID: 4555093726903302}
  m_AABB:
    m_Center: {x: -0.006573351, y: 0.004181875, z: 0.0010193423}
    m_Extent: {x: 0.01510397, y: 0.024164459, z: 0.015283931}
  m_DirtyAABB: 0
--- !u!137 &137776728651174896
SkinnedMeshRenderer:
  m_ObjectHideFlags: 1
  m_PrefabParentObject: {fileID: 0}
  m_PrefabInternal: {fileID: 100100000}
  m_GameObject: {fileID: 1455050312663258}
  m_Enabled: 1
  m_CastShadows: 1
  m_ReceiveShadows: 1
  m_DynamicOccludee: 1
  m_MotionVectors: 1
  m_LightProbeUsage: 1
  m_ReflectionProbeUsage: 1
  m_Materials:
  - {fileID: 2100000, guid: 3b950ab61780d8f4a8f0d209d7b54eda, type: 2}
  m_StaticBatchInfo:
    firstSubMesh: 0
    subMeshCount: 0
  m_StaticBatchRoot: {fileID: 0}
  m_ProbeAnchor: {fileID: 0}
  m_LightProbeVolumeOverride: {fileID: 0}
  m_ScaleInLightmap: 1
  m_PreserveUVs: 0
  m_IgnoreNormalsForChartDetection: 0
  m_ImportantGI: 0
  m_StitchLightmapSeams: 0
  m_SelectedEditorRenderState: 3
  m_MinimumChartSize: 4
  m_AutoUVMaxDistance: 0.5
  m_AutoUVMaxAngle: 89
  m_LightmapParameters: {fileID: 0}
  m_SortingLayerID: 0
  m_SortingLayer: 0
  m_SortingOrder: 0
  serializedVersion: 2
  m_Quality: 0
  m_UpdateWhenOffscreen: 0
  m_SkinnedMotionVectors: 1
  m_Mesh: {fileID: 4300018, guid: b92b36f80ea89654d8ad862c542204a9, type: 3}
  m_Bones:
  - {fileID: 4034698716556836}
  m_BlendShapeWeights: []
  m_RootBone: {fileID: 4034698716556836}
  m_AABB:
    m_Center: {x: 0, y: 0.039243322, z: 0.0024228478}
    m_Extent: {x: 0.0051253135, y: 0.0038991533, z: 0.0018963893}
  m_DirtyAABB: 0
--- !u!137 &137890490897787892
SkinnedMeshRenderer:
  m_ObjectHideFlags: 1
  m_PrefabParentObject: {fileID: 0}
  m_PrefabInternal: {fileID: 100100000}
  m_GameObject: {fileID: 1557849371641810}
  m_Enabled: 1
  m_CastShadows: 1
  m_ReceiveShadows: 1
  m_DynamicOccludee: 1
  m_MotionVectors: 1
  m_LightProbeUsage: 1
  m_ReflectionProbeUsage: 1
  m_Materials:
  - {fileID: 2100000, guid: b65fcae4c27b39747a12c591c3849e4d, type: 2}
  m_StaticBatchInfo:
    firstSubMesh: 0
    subMeshCount: 0
  m_StaticBatchRoot: {fileID: 0}
  m_ProbeAnchor: {fileID: 0}
  m_LightProbeVolumeOverride: {fileID: 0}
  m_ScaleInLightmap: 1
  m_PreserveUVs: 0
  m_IgnoreNormalsForChartDetection: 0
  m_ImportantGI: 0
  m_StitchLightmapSeams: 0
  m_SelectedEditorRenderState: 3
  m_MinimumChartSize: 4
  m_AutoUVMaxDistance: 0.5
  m_AutoUVMaxAngle: 89
  m_LightmapParameters: {fileID: 0}
  m_SortingLayerID: 0
  m_SortingLayer: 0
  m_SortingOrder: 0
  serializedVersion: 2
  m_Quality: 0
  m_UpdateWhenOffscreen: 0
  m_SkinnedMotionVectors: 1
  m_Mesh: {fileID: 4300030, guid: b92b36f80ea89654d8ad862c542204a9, type: 3}
  m_Bones:
  - {fileID: 4264845030281680}
  - {fileID: 4006081045312244}
  - {fileID: 4234507297095990}
  - {fileID: 4880556664358466}
  - {fileID: 4277721234244708}
  - {fileID: 4170963464304106}
  - {fileID: 4516909549074106}
  - {fileID: 4070366936837962}
  - {fileID: 4555093726903302}
  - {fileID: 4580633755049130}
  - {fileID: 4010383849218876}
  - {fileID: 4322109989524848}
  - {fileID: 4236545082955662}
  - {fileID: 4421897547375916}
  - {fileID: 4379968009198040}
  - {fileID: 4076461348012666}
  - {fileID: 4236820858057124}
  - {fileID: 4109498547119248}
  - {fileID: 4782147487677962}
  - {fileID: 4406992906953560}
  - {fileID: 4117248856836114}
  - {fileID: 4919342387641050}
  - {fileID: 4403674817381750}
  - {fileID: 4064838703538662}
  - {fileID: 4163510809575994}
  - {fileID: 4136978591434776}
  m_BlendShapeWeights: []
  m_RootBone: {fileID: 4555093726903302}
  m_AABB:
    m_Center: {x: 0.006754935, y: -0.001844551, z: -0.00147519}
    m_Extent: {x: 0.0149229895, y: 0.011534346, z: 0.006297541}
  m_DirtyAABB: 0
--- !u!137 &137948767549697020
SkinnedMeshRenderer:
  m_ObjectHideFlags: 1
  m_PrefabParentObject: {fileID: 0}
  m_PrefabInternal: {fileID: 100100000}
  m_GameObject: {fileID: 1445692523478468}
  m_Enabled: 1
  m_CastShadows: 1
  m_ReceiveShadows: 1
  m_DynamicOccludee: 1
  m_MotionVectors: 1
  m_LightProbeUsage: 1
  m_ReflectionProbeUsage: 1
  m_Materials:
  - {fileID: 2100000, guid: 3b950ab61780d8f4a8f0d209d7b54eda, type: 2}
  m_StaticBatchInfo:
    firstSubMesh: 0
    subMeshCount: 0
  m_StaticBatchRoot: {fileID: 0}
  m_ProbeAnchor: {fileID: 0}
  m_LightProbeVolumeOverride: {fileID: 0}
  m_ScaleInLightmap: 1
  m_PreserveUVs: 0
  m_IgnoreNormalsForChartDetection: 0
  m_ImportantGI: 0
  m_StitchLightmapSeams: 0
  m_SelectedEditorRenderState: 3
  m_MinimumChartSize: 4
  m_AutoUVMaxDistance: 0.5
  m_AutoUVMaxAngle: 89
  m_LightmapParameters: {fileID: 0}
  m_SortingLayerID: 0
  m_SortingLayer: 0
  m_SortingOrder: 0
  serializedVersion: 2
  m_Quality: 0
  m_UpdateWhenOffscreen: 0
  m_SkinnedMotionVectors: 1
  m_Mesh: {fileID: 4300034, guid: b92b36f80ea89654d8ad862c542204a9, type: 3}
  m_Bones:
  - {fileID: 4421897547375916}
  m_BlendShapeWeights: []
  m_RootBone: {fileID: 4421897547375916}
  m_AABB:
    m_Center: {x: -0.002365502, y: 0.012187932, z: 0.003151733}
    m_Extent: {x: 0.0026232358, y: 0.0038938206, z: 0.0012819637}
  m_DirtyAABB: 0
--- !u!137 &137964021837266292
SkinnedMeshRenderer:
  m_ObjectHideFlags: 1
  m_PrefabParentObject: {fileID: 0}
  m_PrefabInternal: {fileID: 100100000}
  m_GameObject: {fileID: 1793876925439726}
  m_Enabled: 1
  m_CastShadows: 1
  m_ReceiveShadows: 1
  m_DynamicOccludee: 1
  m_MotionVectors: 1
  m_LightProbeUsage: 1
  m_ReflectionProbeUsage: 1
  m_Materials:
  - {fileID: 2100000, guid: b65fcae4c27b39747a12c591c3849e4d, type: 2}
  m_StaticBatchInfo:
    firstSubMesh: 0
    subMeshCount: 0
  m_StaticBatchRoot: {fileID: 0}
  m_ProbeAnchor: {fileID: 0}
  m_LightProbeVolumeOverride: {fileID: 0}
  m_ScaleInLightmap: 1
  m_PreserveUVs: 0
  m_IgnoreNormalsForChartDetection: 0
  m_ImportantGI: 0
  m_StitchLightmapSeams: 0
  m_SelectedEditorRenderState: 3
  m_MinimumChartSize: 4
  m_AutoUVMaxDistance: 0.5
  m_AutoUVMaxAngle: 89
  m_LightmapParameters: {fileID: 0}
  m_SortingLayerID: 0
  m_SortingLayer: 0
  m_SortingOrder: 0
  serializedVersion: 2
  m_Quality: 0
  m_UpdateWhenOffscreen: 0
  m_SkinnedMotionVectors: 1
  m_Mesh: {fileID: 4300040, guid: b92b36f80ea89654d8ad862c542204a9, type: 3}
  m_Bones:
  - {fileID: 4421897547375916}
  m_BlendShapeWeights: []
  m_RootBone: {fileID: 4421897547375916}
  m_AABB:
    m_Center: {x: 0.00235378, y: 0.012204822, z: 0.003123755}
    m_Extent: {x: 0.0025888062, y: 0.003886072, z: 0.0012465687}
  m_DirtyAABB: 0
--- !u!195 &195079912375960194
NavMeshAgent:
  m_ObjectHideFlags: 1
  m_PrefabParentObject: {fileID: 0}
  m_PrefabInternal: {fileID: 100100000}
  m_GameObject: {fileID: 1915829677215288}
  m_Enabled: 1
  m_AgentTypeID: 0
  m_Radius: 0.82
  m_Speed: 3.5
  m_Acceleration: 8
  avoidancePriority: 50
  m_AngularSpeed: 0
  m_StoppingDistance: 0.1
  m_AutoTraverseOffMeshLink: 1
  m_AutoBraking: 1
  m_AutoRepath: 1
  m_Height: 2
  m_BaseOffset: 0
  m_WalkableMask: 1
  m_ObstacleAvoidanceType: 4
